成交时间,股票代码,股票简称,成交价格,成交量,成交额,大单性质,涨跌幅,涨跌额
2025-03-07 15:00:01,688235,百济神州,230.2,4000,92.08,买盘,-0.98%,-2.27
2025-03-07 15:00:01,688333,铂力特,90.0,30058,270.52,买盘,8.38%,7.54
2025-03-07 15:00:01,688300,联瑞新材,59.52,10599,63.09,买盘,-2.06%,-1.22
2025-03-07 15:00:01,688213,思特威,106.15,10000,106.15,买盘,-6.14%,-6.52
2025-03-07 15:00:01,605068,明新旭腾,14.54,79200,115.16,买盘,6.44%,0.94
2025-03-07 15:00:01,603081,大丰实业,14.85,70700,104.99,卖盘,3.41%,0.51
2025-03-07 15:00:01,688543,国科军工,56.17,9800,55.05,买盘,3.33%,1.87
2025-03-07 15:00:01,688543,国科军工,56.17,16400,92.12,买盘,3.33%,1.87
2025-03-07 15:00:01,688507,索辰科技,87.25,11372,99.22,卖盘,-8.20%,-7.15
2025-03-07 15:00:01,688047,龙芯中科,134.6,4200,56.53,卖盘,-3.17%,-4.26
2025-03-07 15:00:01,688295,中复神鹰,22.15,26476,58.64,买盘,0.32%,0.07
2025-03-07 15:00:01,600938,中国海油,24.9,120066,298.96,卖盘,0.20%,0.05
2025-03-07 15:00:01,688220,翱捷科技,99.0,11800,116.82,卖盘,-5.08%,-5.03
2025-03-07 15:00:01,688220,翱捷科技,99.0,13200,130.68,卖盘,-5.08%,-5.03
2025-03-07 15:00:01,688220,翱捷科技,99.0,9000,89.1,卖盘,-5.08%,-5.03
2025-03-07 15:00:01,688262,国芯科技,30.76,34368,105.72,卖盘,-4.03%,-1.24
2025-03-07 15:00:01,688262,国芯科技,30.76,62000,190.71,卖盘,-4.03%,-1.24
2025-03-07 15:00:01,688262,国芯科技,30.76,32600,100.28,买盘,-4.03%,-1.24
2025-03-07 15:00:01,688262,国芯科技,30.76,30000,92.28,买盘,-4.03%,-1.24
2025-03-07 15:00:01,600905,三峡能源,4.18,378501,158.21,卖盘,-0.48%,-0.02
2025-03-07 15:00:01,600905,三峡能源,4.18,362600,151.57,卖盘,-0.48%,-0.02
2025-03-07 15:00:01,605378,野马电池,26.79,41000,109.84,卖盘,-4.83%,-1.29
2025-03-07 15:00:01,688661,和林微纳,48.58,20391,99.06,卖盘,-3.86%,-1.87
2025-03-07 15:00:01,688186,广大特材,20.82,31800,66.21,卖盘,4.26%,0.89
2025-03-07 15:00:01,688186,广大特材,20.82,52468,109.24,买盘,4.26%,0.89
2025-03-07 15:00:01,688036,传音控股,103.58,16945,175.52,买盘,4.97%,5.14
2025-03-07 15:00:01,688036,传音控股,103.58,28893,299.27,买盘,4.97%,5.14
2025-03-07 15:00:01,688036,传音控股,103.58,9800,101.51,买盘,4.97%,5.14
2025-03-07 15:00:01,688036,传音控股,103.58,7200,74.58,买盘,4.97%,5.14
2025-03-07 15:00:01,688036,传音控股,103.58,8338,86.37,买盘,4.97%,5.14
2025-03-07 15:00:01,688036,传音控股,103.58,10703,110.86,买盘,4.97%,5.14
2025-03-07 15:00:01,688036,传音控股,103.58,10000,103.58,卖盘,4.97%,5.14
2025-03-07 15:00:01,688036,传音控股,103.58,24000,248.59,买盘,4.97%,5.14
2025-03-07 15:00:01,688188,柏楚电子,187.5,2800,52.5,卖盘,-1.61%,-3.01
2025-03-07 15:00:01,688418,震有科技,33.06,27800,91.91,卖盘,0.49%,0.16
2025-03-07 15:00:01,603160,汇顶科技,79.33,14800,117.41,卖盘,-1.76%,-1.4
2025-03-07 15:00:01,603160,汇顶科技,79.33,26700,211.81,卖盘,-1.76%,-1.4
2025-03-07 15:00:01,688800,瑞可达,51.4,14984,77.02,卖盘,-0.70%,-0.36
2025-03-07 15:00:01,688800,瑞可达,51.4,11200,57.57,卖盘,-0.70%,-0.36
2025-03-07 15:00:01,688393,安必平,40.23,13973,56.21,买盘,-4.74%,-1.91
2025-03-07 15:00:01,688488,艾迪药业,9.88,53600,52.96,卖盘,-3.14%,-0.31
2025-03-07 15:00:01,603901,永创智能,10.36,117500,121.73,买盘,1.17%,0.12
2025-03-07 15:00:01,603338,浙江鼎力,58.31,17900,104.37,卖盘,-0.80%,-0.47
2025-03-07 15:00:01,688111,金山办公,391.88,2200,86.21,卖盘,-1.56%,-6.11
2025-03-07 15:00:01,688111,金山办公,391.88,1825,71.52,买盘,-1.56%,-6.11
2025-03-07 15:00:01,688111,金山办公,391.88,3800,148.91,卖盘,-1.56%,-6.11
2025-03-07 15:00:01,688111,金山办公,391.88,2542,99.62,卖盘,-1.56%,-6.11
2025-03-07 15:00:01,688111,金山办公,391.88,3604,141.23,买盘,-1.56%,-6.11
2025-03-07 15:00:01,688111,金山办公,391.88,6348,248.77,买盘,-1.56%,-6.11
2025-03-07 15:00:01,688111,金山办公,391.88,2500,97.97,卖盘,-1.56%,-6.11
2025-03-07 15:00:01,688111,金山办公,391.88,2500,97.97,卖盘,-1.56%,-6.11
2025-03-07 15:00:01,688111,金山办公,391.88,2500,97.97,卖盘,-1.56%,-6.11
2025-03-07 15:00:01,688111,金山办公,391.88,2500,97.97,卖盘,-1.56%,-6.11
2025-03-07 15:00:01,688111,金山办公,391.88,2500,97.97,卖盘,-1.56%,-6.11
2025-03-07 15:00:01,688111,金山办公,391.88,2500,97.97,卖盘,-1.56%,-6.11
2025-03-07 15:00:01,688111,金山办公,391.88,2800,109.73,卖盘,-1.56%,-6.11
2025-03-07 15:00:01,688111,金山办公,391.88,1841,72.15,卖盘,-1.56%,-6.11
2025-03-07 15:00:01,688111,金山办公,391.88,1600,62.7,卖盘,-1.56%,-6.11
2025-03-07 15:00:01,688111,金山办公,391.88,2800,109.73,买盘,-1.56%,-6.11
2025-03-07 15:00:01,688111,金山办公,391.88,2155,84.45,买盘,-1.56%,-6.11
2025-03-07 15:00:01,688111,金山办公,391.88,3400,133.24,卖盘,-1.56%,-6.11
2025-03-07 15:00:01,688111,金山办公,391.88,5146,201.66,买盘,-1.56%,-6.11
2025-03-07 15:00:01,688111,金山办公,391.88,1790,70.15,买盘,-1.56%,-6.11
2025-03-07 15:00:01,688111,金山办公,391.88,3500,137.16,买盘,-1.56%,-6.11
2025-03-07 15:00:01,603081,大丰实业,14.85,88500,131.42,卖盘,3.41%,0.51
2025-03-07 15:00:01,601929,吉视传媒,2.0,240200,48.04,买盘,-1.48%,-0.03
2025-03-07 15:00:01,601929,吉视传媒,2.0,345100,69.02,卖盘,-1.48%,-0.03
2025-03-07 15:00:01,601126,四方股份,16.39,97000,158.98,买盘,1.11%,0.18
2025-03-07 15:00:01,688793,倍轻松,36.4,17163,62.47,买盘,0.00%,0.0
2025-03-07 15:00:01,601600,中国铝业,7.73,200000,154.6,买盘,1.05%,0.08
2025-03-07 15:00:01,601600,中国铝业,7.73,356600,275.65,买盘,1.05%,0.08
2025-03-07 15:00:01,601005,重庆钢铁,1.38,744800,102.78,买盘,0.73%,0.01
2025-03-07 15:00:01,601005,重庆钢铁,1.38,200000,27.6,卖盘,0.73%,0.01
2025-03-07 15:00:01,601005,重庆钢铁,1.38,539300,74.42,卖盘,0.73%,0.01
2025-03-07 15:00:01,600183,生益科技,28.7,55900,160.43,卖盘,-0.52%,-0.15
2025-03-07 15:00:01,688411,海博思创,81.6,9856,80.42,卖盘,-2.60%,-2.12
2025-03-07 15:00:01,688584,上海合晶,18.26,34200,62.45,买盘,-2.25%,-0.41
2025-03-07 15:00:01,688503,聚和材料,45.3,11546,52.3,买盘,1.12%,0.51
2025-03-07 15:00:01,688348,昱能科技,47.67,17200,81.99,卖盘,-1.93%,-0.92
2025-03-07 15:00:01,688403,汇成股份,10.16,57047,57.96,卖盘,-1.74%,-0.18
2025-03-07 15:00:01,688403,汇成股份,10.16,82600,83.92,买盘,-1.74%,-0.18
2025-03-07 15:00:01,688403,汇成股份,10.16,81000,82.3,买盘,-1.74%,-0.18
2025-03-07 15:00:01,688235,百济神州,230.2,4000,92.08,买盘,-0.98%,-2.27
2025-03-07 15:00:01,688191,智洋创新,24.0,26686,64.05,卖盘,-3.23%,-0.77
2025-03-07 15:00:01,688027,国盾量子,293.19,3600,105.55,卖盘,-2.11%,-6.18
2025-03-07 15:00:01,601698,中国卫通,21.6,52300,112.97,买盘,-0.92%,-0.2
2025-03-07 15:00:01,601698,中国卫通,21.6,88300,190.73,卖盘,-0.92%,-0.2
2025-03-07 15:00:01,688698,伟创电气,66.89,21910,146.56,买盘,1.36%,0.91
2025-03-07 15:00:01,600183,生益科技,28.7,93500,268.35,买盘,-0.52%,-0.15
2025-03-07 15:00:01,600850,电科数字,26.85,53900,144.72,买盘,-1.72%,-0.46
2025-03-07 15:00:01,688409,富创精密,57.92,15000,86.88,买盘,4.62%,2.68
2025-03-07 15:00:01,600208,衢州发展,2.98,235400,70.15,卖盘,-1.97%,-0.06
2025-03-07 15:00:01,601985,中国核电,9.59,106700,102.33,卖盘,-0.41%,-0.04
2025-03-07 15:00:01,601985,中国核电,9.59,197900,189.79,卖盘,-0.41%,-0.04
2025-03-07 15:00:01,600036,招商银行,43.57,38523,167.84,买盘,1.42%,0.62
2025-03-07 15:00:01,600036,招商银行,43.57,43600,189.97,买盘,1.42%,0.62
2025-03-07 15:00:01,600036,招商银行,43.57,71300,310.65,买盘,1.42%,0.62
2025-03-07 15:00:01,600036,招商银行,43.57,34500,150.32,买盘,1.42%,0.62
2025-03-07 15:00:01,600036,招商银行,43.57,42900,186.92,买盘,1.42%,0.62
2025-03-07 15:00:01,600036,招商银行,43.57,27000,117.64,卖盘,1.42%,0.62
2025-03-07 15:00:01,601658,邮储银行,5.31,327449,173.88,买盘,0.38%,0.02
2025-03-07 15:00:01,688227,品高股份,45.27,11800,53.42,买盘,4.91%,2.22
2025-03-07 15:00:01,688561,奇安信,39.64,16627,65.91,买盘,-3.20%,-1.27
2025-03-07 15:00:01,688561,奇安信,39.64,12903,51.15,买盘,-3.20%,-1.27
2025-03-07 15:00:01,603360,百傲化学,36.0,46100,165.96,卖盘,1.41%,0.51
2025-03-07 15:00:01,688766,普冉股份,118.89,14677,174.49,卖盘,2.24%,2.66
2025-03-07 15:00:01,688766,普冉股份,118.89,13400,159.31,卖盘,2.24%,2.66
2025-03-07 15:00:01,688122,西部超导,48.65,10800,52.54,买盘,1.25%,0.61
2025-03-07 15:00:01,688122,西部超导,48.65,10600,51.57,买盘,1.25%,0.61
2025-03-07 15:00:01,688333,铂力特,90.0,8200,73.8,买盘,8.38%,7.54
2025-03-07 15:00:01,688333,铂力特,90.0,26000,234.0,买盘,8.38%,7.54
2025-03-07 15:00:01,688333,铂力特,90.0,7091,63.82,卖盘,8.38%,7.54
2025-03-07 15:00:01,688010,福光股份,39.88,24508,97.74,卖盘,-2.02%,-0.8
2025-03-07 15:00:01,688709,成都华微,36.66,16774,61.49,买盘,2.55%,0.93
2025-03-07 15:00:01,688709,成都华微,36.66,39200,143.71,买盘,2.55%,0.93
2025-03-07 15:00:01,688631,莱斯信息,104.5,11808,123.39,卖盘,-1.42%,-1.48
2025-03-07 15:00:01,688297,中无人机,45.31,13608,61.66,买盘,0.24%,0.11
2025-03-07 15:00:01,688297,中无人机,45.31,13800,62.53,买盘,0.24%,0.11
2025-03-07 15:00:01,688320,禾川科技,49.0,19386,94.99,买盘,0.37%,0.18
2025-03-07 15:00:01,688213,思特威,106.15,7559,80.24,卖盘,-6.14%,-6.52
2025-03-07 15:00:01,688213,思特威,106.15,28457,302.07,卖盘,-6.14%,-6.52
2025-03-07 15:00:01,688213,思特威,106.15,14400,152.86,买盘,-6.14%,-6.52
2025-03-07 15:00:01,688213,思特威,106.15,4800,50.95,买盘,-6.14%,-6.52
2025-03-07 15:00:01,688213,思特威,106.15,15200,161.35,买盘,-6.14%,-6.52
2025-03-07 15:00:01,688401,路维光电,32.5,20200,65.65,买盘,-1.72%,-0.56
2025-03-07 15:00:01,688187,时代电气,45.6,15000,68.4,买盘,-1.49%,-0.68
2025-03-07 15:00:01,688187,时代电气,45.6,50000,228.0,买盘,-1.49%,-0.68
2025-03-07 15:00:01,688187,时代电气,45.6,50000,228.0,买盘,-1.49%,-0.68
2025-03-07 15:00:01,688187,时代电气,45.6,50000,228.0,买盘,-1.49%,-0.68
2025-03-07 15:00:01,688187,时代电气,45.6,50000,228.0,买盘,-1.49%,-0.68
2025-03-07 15:00:01,688187,时代电气,45.6,50000,228.0,买盘,-1.49%,-0.68
2025-03-07 15:00:01,688187,时代电气,45.6,50000,228.0,买盘,-1.49%,-0.68
2025-03-07 15:00:01,605319,无锡振华,38.6,32900,126.99,买盘,4.47%,1.72
2025-03-07 15:00:01,688097,博众精工,32.01,29020,92.89,买盘,5.64%,1.81
2025-03-07 15:00:01,688590,新致软件,24.75,66600,164.84,买盘,-6.92%,-1.71
2025-03-07 15:00:01,688578,艾力斯,82.78,7800,64.57,买盘,-2.31%,-1.91
2025-03-07 15:00:01,688595,芯海科技,43.33,13552,58.72,卖盘,0.63%,0.27
2025-03-07 15:00:01,601702,华峰铝业,20.35,52000,105.82,买盘,0.25%,0.05
2025-03-07 15:00:01,688550,瑞联新材,35.39,14800,52.38,卖盘,0.83%,0.29
2025-03-07 15:00:01,688550,瑞联新材,35.39,44285,156.72,买盘,0.83%,0.29
2025-03-07 15:00:01,688550,瑞联新材,35.39,16000,56.62,卖盘,0.83%,0.29
2025-03-07 15:00:01,688599,天合光能,16.97,53400,90.62,买盘,-0.35%,-0.06
2025-03-07 15:00:01,688599,天合光能,16.97,34924,59.27,卖盘,-0.35%,-0.06
2025-03-07 15:00:01,688365,光云科技,15.73,42115,66.25,卖盘,-5.18%,-0.82
2025-03-07 15:00:01,688365,光云科技,15.73,51472,80.97,卖盘,-5.18%,-0.82
2025-03-07 15:00:01,688080,映翰通,54.8,11400,62.47,买盘,-2.65%,-1.45
2025-03-07 15:00:01,688063,派能科技,43.1,13723,59.15,买盘,-2.86%,-1.23
2025-03-07 15:00:01,688199,久日新材,18.81,71945,135.33,买盘,5.14%,0.97
2025-03-07 15:00:01,688028,沃尔德,24.48,21253,52.03,买盘,-0.57%,-0.14
2025-03-07 15:00:01,688088,虹软科技,53.75,13000,69.88,买盘,0.35%,0.19
2025-03-07 15:00:01,688088,虹软科技,53.75,15000,80.62,买盘,0.35%,0.19
2025-03-07 15:00:01,688088,虹软科技,53.75,11800,63.42,买盘,0.35%,0.19
2025-03-07 15:00:01,603606,东方电缆,46.57,43000,200.25,卖盘,0.52%,0.24
2025-03-07 15:00:01,688169,石头科技,242.86,2080,50.51,买盘,-1.27%,-3.08
2025-03-07 15:00:01,600919,江苏银行,9.3,181700,168.98,卖盘,-0.85%,-0.08
2025-03-07 15:00:01,600919,江苏银行,9.3,196834,183.06,卖盘,-0.85%,-0.08
2025-03-07 15:00:01,600919,江苏银行,9.3,107600,100.07,买盘,-0.85%,-0.08
2025-03-07 15:00:01,600919,江苏银行,9.3,145500,135.32,买盘,-0.85%,-0.08
2025-03-07 15:00:01,605133,嵘泰股份,30.38,37700,114.53,卖盘,0.83%,0.25
2025-03-07 15:00:01,600628,新世界,7.42,150000,111.3,卖盘,-2.24%,-0.17
2025-03-07 15:00:01,601799,星宇股份,125.96,9500,119.66,买盘,4.11%,5.17
2025-03-07 15:00:01,601799,星宇股份,125.96,10700,134.78,买盘,4.11%,5.17
2025-03-07 15:00:01,601888,中国中免,61.92,23443,145.16,买盘,-0.67%,-0.42
2025-03-07 15:00:01,601888,中国中免,61.92,26057,161.34,买盘,-0.67%,-0.42
2025-03-07 15:00:01,600660,福耀玻璃,56.0,18063,101.15,卖盘,0.38%,0.21
2025-03-07 15:00:01,600715,*ST文投,2.08,250000,52.0,买盘,2.46%,0.05
2025-03-07 15:00:01,600480,凌云股份,17.75,104300,185.13,买盘,4.47%,0.79
2025-03-07 15:00:01,600151,航天机电,7.7,176800,136.14,买盘,7.09%,0.55
2025-03-07 15:00:01,600718,东软集团,12.34,97500,120.32,买盘,-1.20%,-0.15
2025-03-07 15:00:01,600462,*ST九有,1.39,278500,38.71,卖盘,2.21%,0.03
2025-03-07 15:00:01,600226,亨通股份,2.8,237200,66.42,卖盘,-0.71%,-0.02
2025-03-07 15:00:01,600506,统一股份,20.28,54000,109.51,卖盘,2.94%,0.6
2025-03-07 15:00:01,688322,奥比中光,70.46,8848,62.34,买盘,-2.68%,-1.89
2025-03-07 15:00:01,688322,奥比中光,70.46,14353,101.13,买盘,-2.68%,-1.89
2025-03-07 15:00:01,688322,奥比中光,70.46,9958,70.16,买盘,-2.68%,-1.89
2025-03-07 15:00:01,601669,中国电建,4.85,419300,203.36,卖盘,-1.42%,-0.07
2025-03-07 15:00:01,601669,中国电建,4.85,240100,116.45,卖盘,-1.42%,-0.07
2025-03-07 15:00:01,601669,中国电建,4.85,258800,125.52,卖盘,-1.42%,-0.07
2025-03-07 15:00:01,601669,中国电建,4.85,300000,145.5,卖盘,-1.42%,-0.07
2025-03-07 15:00:01,688322,奥比中光,70.46,27400,193.06,买盘,-2.68%,-1.89
2025-03-07 15:00:01,688322,奥比中光,70.46,35000,246.61,卖盘,-2.68%,-1.89
2025-03-07 15:00:01,601901,方正证券,7.88,268100,211.26,卖盘,-1.62%,-0.13
2025-03-07 15:00:00,2155,湖南黄金,22.38,82474,184.58,买盘,8.59%,1.92
2025-03-07 15:00:00,300006,莱美药业,3.67,246400,90.43,卖盘,-2.13%,-0.08
2025-03-07 15:00:00,301007,德迈仕,28.2,31100,87.7,买盘,8.09%,2.28
2025-03-07 15:00:00,300128,锦富技术,6.39,182800,116.81,买盘,6.86%,0.44
2025-03-07 15:00:00,300047,天源迪科,15.22,51400,78.23,买盘,-2.62%,-0.4
2025-03-07 15:00:00,933,神火股份,20.29,105120,213.29,买盘,6.45%,1.31
2025-03-07 15:00:00,300638,广和通,35.58,209500,745.4,买盘,-4.76%,-1.7
2025-03-07 15:00:00,300251,光线传媒,23.18,26500,61.43,卖盘,-3.94%,-0.91
2025-03-07 15:00:00,300857,协创数据,123.9,6700,83.01,买盘,1.06%,1.31
2025-03-07 15:00:00,2027,分众传媒,6.56,275400,180.66,卖盘,-2.53%,-0.17
2025-03-07 15:00:00,688180,君实生物,29.67,25834,76.65,卖盘,-1.59%,-0.47
2025-03-07 15:00:00,688449,联芸科技,53.76,18176,97.71,卖盘,-0.89%,-0.48
2025-03-07 15:00:00,603331,百达精工,10.06,111000,111.67,卖盘,0.90%,0.09
2025-03-07 15:00:00,600841,动力新科,6.66,274900,183.08,卖盘,-6.59%,-0.44
2025-03-07 15:00:00,605006,山东玻纤,6.52,162100,105.69,买盘,-1.06%,-0.07
2025-03-07 15:00:00,688279,峰岹科技,284.99,3124,89.03,买盘,-2.40%,-6.84
2025-03-07 15:00:00,603220,中贝通信,28.68,106820,306.36,买盘,-1.98%,-0.57
2025-03-07 15:00:00,688608,恒玄科技,361.98,4693,169.88,买盘,2.25%,8.14
2025-03-07 15:00:00,601718,际华集团,2.64,322800,85.22,卖盘,-0.38%,-0.01
2025-03-07 15:00:00,302132,中航成飞,63.68,30739,195.75,卖盘,1.09%,0.7
2025-03-07 15:00:00,302132,中航成飞,63.68,20000,127.36,卖盘,1.09%,0.7
2025-03-07 15:00:00,302132,中航成飞,63.68,14261,90.81,卖盘,1.09%,0.7
2025-03-07 15:00:00,301607,富特科技,51.04,24500,125.05,卖盘,2.22%,1.13
2025-03-07 15:00:00,688570,天玛智控,23.57,22400,52.8,卖盘,0.98%,0.23
2025-03-07 15:00:00,603137,恒尚节能,11.09,100000,110.9,卖盘,0.54%,0.06
2025-03-07 15:00:00,688522,纳睿雷达,69.0,30000,207.0,卖盘,2.83%,1.95
2025-03-07 15:00:00,688522,纳睿雷达,69.0,17899,123.5,买盘,2.83%,1.95
2025-03-07 15:00:00,688525,佰维存储,76.99,9900,76.22,卖盘,4.96%,3.82
2025-03-07 15:00:00,688525,佰维存储,76.99,11884,91.49,买盘,4.96%,3.82
2025-03-07 15:00:00,688525,佰维存储,76.99,7448,57.34,卖盘,4.96%,3.82
2025-03-07 15:00:00,688525,佰维存储,76.99,10000,76.99,卖盘,4.96%,3.82
2025-03-07 15:00:00,688525,佰维存储,76.99,10335,79.57,买盘,4.96%,3.82
2025-03-07 15:00:00,688525,佰维存储,76.99,7000,53.89,买盘,4.96%,3.82
2025-03-07 15:00:00,688525,佰维存储,76.99,6670,51.35,买盘,4.96%,3.82
2025-03-07 15:00:00,688525,佰维存储,76.99,19753,152.08,买盘,4.96%,3.82
2025-03-07 15:00:00,688525,佰维存储,76.99,12800,98.55,买盘,4.96%,3.82
2025-03-07 15:00:00,688525,佰维存储,76.99,6566,50.55,买盘,4.96%,3.82
2025-03-07 15:00:00,688525,佰维存储,76.99,7846,60.41,买盘,4.96%,3.82
2025-03-07 15:00:00,688525,佰维存储,76.99,8677,66.8,买盘,4.96%,3.82
2025-03-07 15:00:00,688525,佰维存储,76.99,25000,192.48,买盘,4.96%,3.82
2025-03-07 15:00:00,688525,佰维存储,76.99,26000,200.17,买盘,4.96%,3.82
2025-03-07 15:00:00,688525,佰维存储,76.99,34350,264.46,买盘,4.96%,3.82
2025-03-07 15:00:00,688382,益方生物,18.2,50400,91.73,买盘,0.72%,0.13
2025-03-07 15:00:00,688382,益方生物,18.2,28490,51.85,卖盘,0.72%,0.13
2025-03-07 15:00:00,688332,中科蓝讯,117.85,8725,102.82,卖盘,-5.47%,-6.45
2025-03-07 15:00:00,688279,峰岹科技,284.99,6425,183.11,买盘,-2.40%,-6.84
2025-03-07 15:00:00,688279,峰岹科技,284.99,2600,74.1,买盘,-2.40%,-6.84
2025-03-07 15:00:00,688279,峰岹科技,284.99,9400,267.89,买盘,-2.40%,-6.84
2025-03-07 15:00:00,688279,峰岹科技,284.99,2600,74.1,买盘,-2.40%,-6.84
2025-03-07 15:00:00,688330,宏力达,29.56,50000,147.8,买盘,3.00%,0.89
2025-03-07 15:00:00,688289,圣湘生物,25.23,26000,65.6,买盘,1.04%,0.26
2025-03-07 15:00:00,688289,圣湘生物,25.23,26000,65.6,买盘,1.04%,0.26
2025-03-07 15:00:00,688289,圣湘生物,25.23,27400,69.13,买盘,1.04%,0.26
2025-03-07 15:00:00,688289,圣湘生物,25.23,21200,53.49,买盘,1.04%,0.26
2025-03-07 15:00:00,688065,凯赛生物,49.79,15000,74.68,卖盘,2.28%,1.14
2025-03-07 15:00:00,688228,开普云,65.34,12945,84.58,买盘,-3.19%,-2.08
2025-03-07 15:00:00,688208,道通科技,43.15,16600,71.63,卖盘,0.44%,0.19
2025-03-07 15:00:00,688159,有方科技,44.89,23954,107.53,买盘,-1.25%,-0.56
2025-03-07 15:00:00,688159,有方科技,44.89,15300,68.68,卖盘,-1.25%,-0.56
2025-03-07 15:00:00,688168,安博通,61.41,8600,52.81,卖盘,1.19%,0.73
2025-03-07 15:00:00,688099,晶晨股份,85.42,10800,92.25,卖盘,-3.58%,-3.06
2025-03-07 15:00:00,601860,紫金银行,2.69,262100,70.5,卖盘,-0.74%,-0.02
2025-03-07 15:00:00,601860,紫金银行,2.69,236600,63.65,买盘,-0.74%,-0.02
2025-03-07 15:00:00,603507,振江股份,27.22,41600,113.24,买盘,0.59%,0.16
2025-03-07 15:00:00,689009,九号公司,60.39,9374,56.61,买盘,2.10%,1.27
2025-03-07 15:00:00,689009,九号公司,60.39,9600,57.97,卖盘,2.10%,1.27
2025-03-07 15:00:00,689009,九号公司,60.39,11400,68.84,卖盘,2.10%,1.27
2025-03-07 15:00:00,688536,思瑞浦,131.88,5800,76.49,买盘,2.55%,3.36
2025-03-07 15:00:00,601916,浙商银行,2.85,218200,62.19,卖盘,-0.70%,-0.02
2025-03-07 15:00:00,601916,浙商银行,2.85,560600,159.77,买盘,-0.70%,-0.02
2025-03-07 15:00:00,688388,嘉元科技,19.12,26614,50.89,卖盘,2.69%,0.51
2025-03-07 15:00:00,688388,嘉元科技,19.12,31383,60.0,买盘,2.69%,0.51
2025-03-07 15:00:00,688012,中微公司,214.66,9302,199.68,买盘,-0.57%,-1.22
2025-03-07 15:00:00,688012,中微公司,214.66,7426,159.41,买盘,-0.57%,-1.22
2025-03-07 15:00:00,688012,中微公司,214.66,7367,158.14,买盘,-0.57%,-1.22
2025-03-07 15:00:00,688012,中微公司,214.66,3200,68.69,卖盘,-0.57%,-1.22
2025-03-07 15:00:00,688012,中微公司,214.66,5422,116.39,买盘,-0.57%,-1.22
2025-03-07 15:00:00,688005,容百科技,24.35,33600,81.82,买盘,-2.60%,-0.63
2025-03-07 15:00:00,688343,云天励飞,72.34,8797,63.64,卖盘,-4.18%,-3.03
2025-03-07 15:00:00,688343,云天励飞,72.34,12475,90.24,卖盘,-4.18%,-3.03
2025-03-07 15:00:00,688343,云天励飞,72.34,8000,57.87,卖盘,-4.18%,-3.03
2025-03-07 15:00:00,688343,云天励飞,72.34,9513,68.82,买盘,-4.18%,-3.03
2025-03-07 15:00:00,688343,云天励飞,72.34,17700,128.04,买盘,-4.18%,-3.03
2025-03-07 15:00:00,688343,云天励飞,72.34,36600,264.76,买盘,-4.18%,-3.03
2025-03-07 15:00:00,688502,茂莱光学,287.0,2000,57.4,买盘,-2.88%,-8.26
2025-03-07 15:00:00,688102,斯瑞新材,10.64,48000,51.07,买盘,6.93%,0.74
2025-03-07 15:00:00,688167,炬光科技,77.01,7740,59.61,卖盘,6.15%,4.73
2025-03-07 15:00:00,688167,炬光科技,77.01,6500,50.06,买盘,6.15%,4.73
2025-03-07 15:00:00,688167,炬光科技,77.01,10847,83.53,卖盘,6.15%,4.73
2025-03-07 15:00:00,688110,东芯股份,30.8,18430,56.76,买盘,1.32%,0.41
2025-03-07 15:00:00,688110,东芯股份,30.8,23000,70.84,买盘,1.32%,0.41
2025-03-07 15:00:00,688685,迈信林,69.25,14353,99.39,卖盘,11.53%,7.99
2025-03-07 15:00:00,688685,迈信林,69.25,30275,209.65,卖盘,11.53%,7.99
2025-03-07 15:00:00,688685,迈信林,69.25,22471,155.61,买盘,11.53%,7.99
2025-03-07 15:00:00,688685,迈信林,69.25,20000,138.5,买盘,11.53%,7.99
2025-03-07 15:00:00,688685,迈信林,69.25,13837,95.82,买盘,11.53%,7.99
2025-03-07 15:00:00,688685,迈信林,69.25,16600,114.96,卖盘,11.53%,7.99
2025-03-07 15:00:00,688685,迈信林,69.25,18200,126.04,卖盘,11.53%,7.99
2025-03-07 15:00:00,688180,君实生物,29.67,18526,54.97,卖盘,-1.59%,-0.47
2025-03-07 15:00:00,688399,硕世生物,68.69,8000,54.95,卖盘,-0.49%,-0.34
2025-03-07 15:00:00,688068,热景生物,93.3,8715,81.31,买盘,8.84%,8.25
2025-03-07 15:00:00,688068,热景生物,93.3,12000,111.96,买盘,8.84%,8.25
2025-03-07 15:00:00,688068,热景生物,93.3,10848,101.21,买盘,8.84%,8.25
2025-03-07 15:00:00,688068,热景生物,93.3,9333,87.08,买盘,8.84%,8.25
2025-03-07 15:00:00,603259,药明康德,62.51,30000,187.53,买盘,0.21%,0.13
2025-03-07 15:00:00,603259,药明康德,62.51,24300,151.9,买盘,0.21%,0.13
2025-03-07 15:00:00,688777,中控技术,58.33,18060,105.34,卖盘,0.95%,0.56
2025-03-07 15:00:00,688777,中控技术,58.33,12470,72.74,买盘,0.95%,0.56
2025-03-07 15:00:00,688369,致远互联,39.5,27539,108.78,买盘,8.81%,3.48
2025-03-07 15:00:00,688369,致远互联,39.5,19914,78.66,买盘,8.81%,3.48
2025-03-07 15:00:00,688369,致远互联,39.5,15534,61.36,卖盘,8.81%,3.48
2025-03-07 15:00:00,688066,航天宏图,20.36,30000,61.08,卖盘,1.04%,0.21
2025-03-07 15:00:00,688678,福立旺,26.66,19331,51.54,买盘,4.92%,1.31
2025-03-07 15:00:00,601228,广州港,3.14,260200,81.7,买盘,-0.32%,-0.01
2025-03-07 15:00:00,688165,埃夫特,32.15,58624,188.48,卖盘,-1.83%,-0.59
2025-03-07 15:00:00,688165,埃夫特,32.15,19172,61.64,卖盘,-1.83%,-0.59
2025-03-07 15:00:00,688165,埃夫特,32.15,17555,56.44,卖盘,-1.83%,-0.59
2025-03-07 15:00:00,688165,埃夫特,32.15,51203,164.62,卖盘,-1.83%,-0.59
2025-03-07 15:00:00,601012,隆基绿能,17.35,224231,389.04,买盘,1.28%,0.22
2025-03-07 15:00:00,601012,隆基绿能,17.35,207269,359.61,买盘,1.28%,0.22
2025-03-07 15:00:00,601012,隆基绿能,17.35,100000,173.5,卖盘,1.28%,0.22
2025-03-07 15:00:00,601012,隆基绿能,17.35,90000,156.15,买盘,1.28%,0.22
2025-03-07 15:00:00,603322,超讯通信,50.29,20200,101.59,卖盘,0.68%,0.34
2025-03-07 15:00:00,601618,中国中冶,3.1,275500,85.4,卖盘,-0.64%,-0.02
2025-03-07 15:00:00,688316,青云科技,78.6,7600,59.74,买盘,-3.29%,-2.58
2025-03-07 15:00:00,600276,恒瑞医药,45.68,54100,247.13,卖盘,-1.81%,-0.82
2025-03-07 15:00:00,600276,恒瑞医药,45.68,51160,233.7,卖盘,-1.81%,-0.82
2025-03-07 15:00:00,600276,恒瑞医药,45.68,42060,192.13,卖盘,-1.81%,-0.82
2025-03-07 15:00:00,600276,恒瑞医药,45.68,22000,100.5,卖盘,-1.81%,-0.82
2025-03-07 15:00:00,600276,恒瑞医药,45.68,42560,194.41,买盘,-1.81%,-0.82
2025-03-07 15:00:00,600276,恒瑞医药,45.68,30700,140.24,买盘,-1.81%,-0.82
2025-03-07 15:00:00,600582,天地科技,6.41,451800,289.6,买盘,2.23%,0.14
2025-03-07 15:00:00,600582,天地科技,6.41,388800,249.22,买盘,2.23%,0.14
2025-03-07 15:00:00,600022,山东钢铁,1.41,200000,28.2,卖盘,0.71%,0.01
2025-03-07 15:00:00,600022,山东钢铁,1.41,294400,41.51,买盘,0.71%,0.01
2025-03-07 15:00:00,600022,山东钢铁,1.41,291400,41.09,卖盘,0.71%,0.01
2025-03-07 15:00:00,601333,广深铁路,3.02,211800,63.96,买盘,-0.33%,-0.01
2025-03-07 15:00:00,601998,中信银行,7.0,142900,100.03,买盘,1.45%,0.1
2025-03-07 15:00:00,601998,中信银行,7.0,965300,675.71,买盘,1.45%,0.1
2025-03-07 15:00:00,601998,中信银行,7.0,295207,206.64,买盘,1.45%,0.1
2025-03-07 15:00:00,601998,中信银行,7.0,162400,113.68,卖盘,1.45%,0.1
2025-03-07 15:00:00,600698,湖南天雁,6.58,432100,284.32,买盘,6.82%,0.45
2025-03-07 15:00:00,603629,利通电子,26.78,61400,164.43,卖盘,-3.15%,-0.84
2025-03-07 15:00:00,605333,沪光股份,38.67,32000,123.74,买盘,6.59%,2.55
2025-03-07 15:00:00,603077,和邦生物,1.83,255500,46.76,卖盘,-0.54%,-0.01
2025-03-07 15:00:00,601607,上海医药,18.92,74700,141.33,卖盘,-1.10%,-0.21
2025-03-07 15:00:00,601117,中国化学,7.17,161400,115.72,卖盘,-1.24%,-0.09
2025-03-07 15:00:00,601318,中国平安,51.5,37200,191.58,卖盘,-0.27%,-0.14
2025-03-07 15:00:00,601318,中国平安,51.5,48160,248.02,卖盘,-0.27%,-0.14
2025-03-07 15:00:00,601318,中国平安,51.5,39460,203.22,买盘,-0.27%,-0.14
2025-03-07 15:00:00,601318,中国平安,51.5,35800,184.37,买盘,-0.27%,-0.14
2025-03-07 15:00:00,601318,中国平安,51.5,128500,661.78,买盘,-0.27%,-0.14
2025-03-07 15:00:00,601318,中国平安,51.5,22800,117.42,买盘,-0.27%,-0.14
2025-03-07 15:00:00,601318,中国平安,51.5,39100,201.36,买盘,-0.27%,-0.14
2025-03-07 15:00:00,600862,中航高科,26.52,40000,106.08,买盘,6.72%,1.78
2025-03-07 15:00:00,600322,津投城开,2.38,252200,60.02,买盘,-2.06%,-0.05
2025-03-07 15:00:00,601816,京沪高铁,5.54,360000,199.44,买盘,-1.07%,-0.06
2025-03-07 15:00:00,601390,中国中铁,5.82,195600,113.84,卖盘,-1.02%,-0.06
2025-03-07 15:00:00,600188,兖矿能源,13.21,87059,115.0,卖盘,0.46%,0.06
2025-03-07 15:00:00,600895,张江高科,26.79,50000,133.95,卖盘,-2.65%,-0.71
2025-03-07 15:00:00,600221,海航控股,1.52,200000,30.4,卖盘,-1.30%,-0.02
2025-03-07 15:00:00,600221,海航控股,1.52,235200,35.75,买盘,-1.30%,-0.02
2025-03-07 15:00:00,600221,海航控股,1.52,300000,45.6,买盘,-1.30%,-0.02
2025-03-07 15:00:00,600221,海航控股,1.52,949500,144.32,卖盘,-1.30%,-0.02
2025-03-07 15:00:00,600221,海航控股,1.52,206000,31.31,卖盘,-1.30%,-0.02
2025-03-07 15:00:00,600221,海航控股,1.52,300000,45.6,卖盘,-1.30%,-0.02
2025-03-07 15:00:00,600221,海航控股,1.52,336600,51.16,买盘,-1.30%,-0.02
2025-03-07 15:00:00,600221,海航控股,1.52,379700,57.71,买盘,-1.30%,-0.02
2025-03-07 15:00:00,600221,海航控股,1.52,217100,33.0,买盘,-1.30%,-0.02
2025-03-07 15:00:00,688256,寒武纪,750.0,2076,155.7,买盘,-3.23%,-24.2
2025-03-07 15:00:00,688256,寒武纪,750.0,1000,75.0,买盘,-3.23%,-24.2
2025-03-07 15:00:00,688256,寒武纪,750.0,800,60.0,买盘,-3.23%,-24.2
2025-03-07 15:00:00,688256,寒武纪,750.0,3400,255.0,买盘,-3.23%,-24.2
2025-03-07 15:00:00,688256,寒武纪,750.0,3400,255.0,买盘,-3.23%,-24.2
2025-03-07 15:00:00,688256,寒武纪,750.0,3400,255.0,买盘,-3.23%,-24.2
2025-03-07 15:00:00,688256,寒武纪,750.0,3400,255.0,买盘,-3.23%,-24.2
2025-03-07 15:00:00,688256,寒武纪,750.0,3400,255.0,买盘,-3.23%,-24.2
2025-03-07 15:00:00,688256,寒武纪,750.0,3400,255.0,买盘,-3.23%,-24.2
2025-03-07 15:00:00,688256,寒武纪,750.0,3400,255.0,买盘,-3.23%,-24.2
2025-03-07 15:00:00,688256,寒武纪,750.0,3400,255.0,买盘,-3.23%,-24.2
2025-03-07 15:00:00,688256,寒武纪,750.0,3400,255.0,买盘,-3.23%,-24.2
2025-03-07 15:00:00,688256,寒武纪,750.0,1001,75.08,买盘,-3.23%,-24.2
2025-03-07 15:00:00,688256,寒武纪,750.0,3255,244.12,买盘,-3.23%,-24.2
2025-03-07 15:00:00,688256,寒武纪,750.0,4128,309.6,买盘,-3.23%,-24.2
2025-03-07 15:00:00,688256,寒武纪,750.0,1672,125.4,卖盘,-3.23%,-24.2
2025-03-07 15:00:00,688256,寒武纪,750.0,1001,75.08,买盘,-3.23%,-24.2
2025-03-07 15:00:00,688256,寒武纪,750.0,3489,261.68,买盘,-3.23%,-24.2
2025-03-07 15:00:00,688256,寒武纪,750.0,775,58.12,买盘,-3.23%,-24.2
2025-03-07 15:00:00,688256,寒武纪,750.0,891,66.82,卖盘,-3.23%,-24.2
2025-03-07 15:00:00,688256,寒武纪,750.0,1000,75.0,买盘,-3.23%,-24.2
2025-03-07 15:00:00,688256,寒武纪,750.0,1000,75.0,买盘,-3.23%,-24.2
2025-03-07 15:00:00,688256,寒武纪,750.0,1000,75.0,买盘,-3.23%,-24.2
2025-03-07 15:00:00,688256,寒武纪,750.0,1400,105.0,买盘,-3.23%,-24.2
2025-03-07 15:00:00,688256,寒武纪,750.0,10180,763.5,买盘,-3.23%,-24.2
2025-03-07 15:00:00,688256,寒武纪,750.0,2820,211.5,买盘,-3.23%,-24.2
2025-03-07 15:00:00,688256,寒武纪,750.0,4926,369.45,卖盘,-3.23%,-24.2
2025-03-07 15:00:00,688256,寒武纪,750.0,989,74.18,卖盘,-3.23%,-24.2
2025-03-07 15:00:00,688256,寒武纪,750.0,774,58.05,买盘,-3.23%,-24.2
2025-03-07 15:00:00,688256,寒武纪,750.0,855,64.12,卖盘,-3.23%,-24.2
2025-03-07 15:00:00,688256,寒武纪,750.0,1075,80.62,卖盘,-3.23%,-24.2
2025-03-07 15:00:00,688256,寒武纪,750.0,3794,284.55,买盘,-3.23%,-24.2
2025-03-07 15:00:00,688256,寒武纪,750.0,2361,177.08,买盘,-3.23%,-24.2
2025-03-07 15:00:00,688256,寒武纪,750.0,700,52.5,买盘,-3.23%,-24.2
2025-03-07 15:00:00,688256,寒武纪,750.0,700,52.5,买盘,-3.23%,-24.2
2025-03-07 15:00:00,600666,奥瑞德,2.99,219900,65.75,买盘,-1.97%,-0.06
2025-03-07 15:00:00,601880,辽港股份,1.5,308100,46.22,买盘,-0.66%,-0.01
2025-03-07 15:00:00,601857,中国石油,7.69,142500,109.58,卖盘,0.52%,0.04
2025-03-07 15:00:00,601857,中国石油,7.69,139900,107.58,卖盘,0.52%,0.04
2025-03-07 15:00:00,601857,中国石油,7.69,300000,230.7,卖盘,0.52%,0.04
2025-03-07 15:00:00,601857,中国石油,7.69,170626,131.21,买盘,0.52%,0.04
2025-03-07 15:00:00,603887,城地香江,20.88,58400,121.94,买盘,1.06%,0.22
2025-03-07 15:00:00,603887,城地香江,20.88,167300,349.32,卖盘,1.06%,0.22
2025-03-07 15:00:00,600588,用友网络,20.0,67000,134.0,卖盘,10.01%,2.0
2025-03-07 15:00:00,600588,用友网络,20.0,92600,185.2,卖盘,10.01%,2.0
2025-03-07 15:00:00,600446,金证股份,18.69,61200,114.38,卖盘,-0.27%,-0.05
2025-03-07 15:00:00,600686,金龙汽车,14.61,150000,219.15,卖盘,4.58%,0.67
2025-03-07 15:00:00,600686,金龙汽车,14.61,71600,104.61,买盘,4.58%,0.67
2025-03-07 15:00:00,600169,太原重工,2.56,280700,71.86,卖盘,-0.78%,-0.02
2025-03-07 15:00:00,600016,民生银行,4.13,351700,145.25,卖盘,-0.24%,-0.01
2025-03-07 15:00:00,600016,民生银行,4.13,200000,82.6,卖盘,-0.24%,-0.01
2025-03-07 15:00:00,600016,民生银行,4.13,241200,99.62,卖盘,-0.24%,-0.01
2025-03-07 15:00:00,600016,民生银行,4.13,200500,82.81,卖盘,-0.24%,-0.01
2025-03-07 15:00:00,600016,民生银行,4.13,210800,87.06,买盘,-0.24%,-0.01
2025-03-07 15:00:00,600133,东湖高新,10.54,253100,266.77,卖盘,1.84%,0.19
2025-03-07 15:00:00,600133,东湖高新,10.54,98500,103.82,卖盘,1.84%,0.19
2025-03-07 15:00:00,600575,淮河能源,3.15,227500,71.66,卖盘,-0.32%,-0.01
2025-03-07 15:00:00,601336,新华保险,48.32,35900,173.47,买盘,-1.25%,-0.6
2025-03-07 15:00:00,600868,梅雁吉祥,3.18,532100,169.21,卖盘,1.92%,0.06
2025-03-07 15:00:00,600868,梅雁吉祥,3.18,233200,74.16,买盘,1.92%,0.06
2025-03-07 15:00:00,601881,中国银河,16.29,63100,102.79,买盘,-2.28%,-0.37
2025-03-07 15:00:00,601881,中国银河,16.29,68500,111.59,买盘,-2.28%,-0.37
2025-03-07 15:00:00,601881,中国银河,16.29,129600,211.12,买盘,-2.28%,-0.37
2025-03-07 15:00:00,601881,中国银河,16.29,145400,236.86,买盘,-2.28%,-0.37
2025-03-07 15:00:00,601881,中国银河,16.29,135500,220.73,买盘,-2.28%,-0.37
2025-03-07 15:00:00,603882,金域医学,38.16,28900,110.28,卖盘,-3.39%,-1.29
2025-03-07 15:00:00,600602,云赛智联,27.16,67200,182.52,卖盘,10.00%,2.72
2025-03-07 15:00:00,600602,云赛智联,27.16,80000,217.28,卖盘,10.00%,2.72
2025-03-07 15:00:00,600519,贵州茅台,1521.0,1000,152.1,买盘,1.00%,15.16
2025-03-07 15:00:00,600519,贵州茅台,1521.0,1302,198.03,买盘,1.00%,15.16
2025-03-07 15:00:00,600519,贵州茅台,1521.0,1198,182.22,买盘,1.00%,15.16
2025-03-07 15:00:00,600519,贵州茅台,1521.0,1100,167.31,卖盘,1.00%,15.16
2025-03-07 15:00:00,600519,贵州茅台,1521.0,800,121.68,卖盘,1.00%,15.16
2025-03-07 15:00:00,600519,贵州茅台,1521.0,1068,162.44,卖盘,1.00%,15.16
2025-03-07 15:00:00,600519,贵州茅台,1521.0,1300,197.73,买盘,1.00%,15.16
2025-03-07 15:00:00,600519,贵州茅台,1521.0,800,121.68,买盘,1.00%,15.16
2025-03-07 15:00:00,600519,贵州茅台,1521.0,1100,167.31,买盘,1.00%,15.16
2025-03-07 15:00:00,600519,贵州茅台,1521.0,900,136.89,买盘,1.00%,15.16
2025-03-07 15:00:00,600519,贵州茅台,1521.0,1000,152.1,买盘,1.00%,15.16
2025-03-07 15:00:00,603666,亿嘉和,39.18,45000,176.31,买盘,-1.61%,-0.63
2025-03-07 15:00:00,600010,包钢股份,1.86,200000,37.2,买盘,1.09%,0.02
2025-03-07 15:00:00,600010,包钢股份,1.86,990000,184.14,卖盘,1.09%,0.02
2025-03-07 15:00:00,600010,包钢股份,1.86,290700,54.07,卖盘,1.09%,0.02
2025-03-07 15:00:00,600010,包钢股份,1.86,342900,63.78,买盘,1.09%,0.02
2025-03-07 15:00:00,688313,仕佳光子,18.04,37054,66.85,买盘,-4.65%,-0.84
2025-03-07 15:00:00,601939,建设银行,8.5,124700,106.0,卖盘,-0.35%,-0.03
2025-03-07 15:00:00,603087,甘李药业,46.96,25500,119.75,买盘,2.80%,1.32
2025-03-07 15:00:00,600777,ST新潮,2.36,499000,117.76,卖盘,-0.42%,-0.01
2025-03-07 15:00:00,600019,宝钢股份,7.5,133900,100.42,买盘,1.76%,0.13
2025-03-07 15:00:00,603198,迎驾贡酒,57.82,28200,163.05,买盘,5.45%,3.15
2025-03-07 15:00:00,603198,迎驾贡酒,57.82,18900,109.28,卖盘,5.45%,3.15
2025-03-07 15:00:00,600170,上海建工,2.48,300000,74.4,卖盘,-1.20%,-0.03
2025-03-07 15:00:00,600104,上汽集团,16.4,64600,105.94,卖盘,-1.50%,-0.25
2025-03-07 15:00:00,600104,上汽集团,16.4,95814,157.13,买盘,-1.50%,-0.25
2025-03-07 15:00:00,600581,八一钢铁,3.5,401500,140.52,买盘,1.45%,0.05
2025-03-07 15:00:00,600581,八一钢铁,3.5,265600,92.96,卖盘,1.45%,0.05
2025-03-07 15:00:00,600581,八一钢铁,3.5,225800,79.03,卖盘,1.45%,0.05
2025-03-07 15:00:00,600581,八一钢铁,3.5,287800,100.73,卖盘,1.45%,0.05
2025-03-07 15:00:00,600581,八一钢铁,3.5,229100,80.18,卖盘,1.45%,0.05
2025-03-07 15:00:00,600570,恒生电子,31.2,50000,156.0,卖盘,-3.50%,-1.09
2025-03-07 15:00:00,600570,恒生电子,31.2,41682,130.05,卖盘,-3.50%,-1.09
2025-03-07 15:00:00,600570,恒生电子,31.2,36600,114.19,买盘,-3.50%,-1.09
2025-03-07 15:00:00,600570,恒生电子,31.2,65300,203.74,买盘,-3.50%,-1.09
2025-03-07 15:00:00,600570,恒生电子,31.2,86200,268.94,买盘,-3.50%,-1.09
2025-03-07 15:00:00,600570,恒生电子,31.2,82200,256.46,买盘,-3.50%,-1.09
2025-03-07 15:00:00,600570,恒生电子,31.2,39900,124.49,买盘,-3.50%,-1.09
2025-03-07 15:00:00,688114,华大智造,93.1,11000,102.41,买盘,-4.86%,-4.53
2025-03-07 15:00:00,688114,华大智造,93.1,6200,57.72,买盘,-4.86%,-4.53
2025-03-07 15:00:00,688114,华大智造,93.1,21000,195.51,买盘,-4.86%,-4.53
2025-03-07 15:00:00,688352,颀中科技,12.95,40000,51.8,买盘,3.52%,0.46
2025-03-07 15:00:00,688352,颀中科技,12.95,56200,72.78,买盘,3.52%,0.46
2025-03-07 15:00:00,688107,安路科技,36.3,15346,55.71,卖盘,-1.76%,-0.64
2025-03-07 15:00:00,688787,海天瑞声,110.8,10800,119.66,买盘,-5.53%,-6.12
2025-03-07 15:00:00,603236,移远通信,81.75,17700,144.7,卖盘,-3.19%,-2.6
2025-03-07 15:00:00,688716,中研股份,39.01,16276,63.49,卖盘,-2.72%,-1.06
2025-03-07 15:00:00,600105,永鼎股份,5.95,245000,145.78,买盘,-3.10%,-0.18
2025-03-07 15:00:00,688009,中国通号,5.73,100000,57.3,买盘,-1.38%,-0.08
2025-03-07 15:00:00,688009,中国通号,5.73,100000,57.3,买盘,-1.38%,-0.08
2025-03-07 15:00:00,603887,城地香江,20.88,71500,149.29,买盘,1.06%,0.22
2025-03-07 15:00:00,600518,康美药业,2.17,211300,45.85,卖盘,1.40%,0.03
2025-03-07 15:00:00,600518,康美药业,2.17,285400,61.93,卖盘,1.40%,0.03
2025-03-07 15:00:00,603809,豪能股份,18.68,62000,115.82,买盘,2.92%,0.55
2025-03-07 15:00:00,600203,福日电子,11.72,255200,299.09,卖盘,-5.10%,-0.6
2025-03-07 15:00:00,600203,福日电子,11.72,86700,101.61,卖盘,-5.10%,-0.6
2025-03-07 15:00:00,600318,新力金融,8.4,133200,111.89,卖盘,-4.65%,-0.39
2025-03-07 15:00:00,601127,赛力斯,134.54,11100,149.34,买盘,-0.24%,-0.33
2025-03-07 15:00:00,601127,赛力斯,134.54,20000,269.08,买盘,-0.24%,-0.33
2025-03-07 15:00:00,601127,赛力斯,134.54,20000,269.08,买盘,-0.24%,-0.33
2025-03-07 15:00:00,601127,赛力斯,134.54,20000,269.08,买盘,-0.24%,-0.33
2025-03-07 15:00:00,601127,赛力斯,134.54,19461,261.83,买盘,-0.24%,-0.33
2025-03-07 15:00:00,601127,赛力斯,134.54,19839,266.91,买盘,-0.24%,-0.33
2025-03-07 15:00:00,601127,赛力斯,134.54,20000,269.08,买盘,-0.24%,-0.33
2025-03-07 15:00:00,601127,赛力斯,134.54,20000,269.08,买盘,-0.24%,-0.33
2025-03-07 15:00:00,601127,赛力斯,134.54,16639,223.86,买盘,-0.24%,-0.33
2025-03-07 15:00:00,601127,赛力斯,134.54,10000,134.54,买盘,-0.24%,-0.33
2025-03-07 15:00:00,601127,赛力斯,134.54,15100,203.16,买盘,-0.24%,-0.33
2025-03-07 15:00:00,601127,赛力斯,134.54,21061,283.35,买盘,-0.24%,-0.33
2025-03-07 15:00:00,601127,赛力斯,134.54,30761,413.86,卖盘,-0.24%,-0.33
2025-03-07 15:00:00,601127,赛力斯,134.54,11200,150.68,买盘,-0.24%,-0.33
2025-03-07 15:00:00,601127,赛力斯,134.54,11300,152.03,买盘,-0.24%,-0.33
2025-03-07 15:00:00,601127,赛力斯,134.54,21461,288.74,卖盘,-0.24%,-0.33
2025-03-07 15:00:00,601127,赛力斯,134.54,14000,188.36,买盘,-0.24%,-0.33
2025-03-07 15:00:00,600030,中信证券,27.58,81574,224.98,买盘,-1.50%,-0.41
2025-03-07 15:00:00,600030,中信证券,27.58,100000,275.8,卖盘,-1.50%,-0.41
2025-03-07 15:00:00,600030,中信证券,27.58,59500,164.1,买盘,-1.50%,-0.41
2025-03-07 15:00:00,600030,中信证券,27.58,69200,190.85,买盘,-1.50%,-0.41
2025-03-07 15:00:00,601689,拓普集团,63.93,35600,227.59,卖盘,0.63%,0.4
2025-03-07 15:00:00,601689,拓普集团,63.93,21900,140.01,卖盘,0.63%,0.4
2025-03-07 15:00:00,601689,拓普集团,63.93,15700,100.37,卖盘,0.63%,0.4
2025-03-07 15:00:00,601689,拓普集团,63.93,15700,100.37,卖盘,0.63%,0.4
2025-03-07 15:00:00,601689,拓普集团,63.93,15700,100.37,卖盘,0.63%,0.4
2025-03-07 15:00:00,601689,拓普集团,63.93,15700,100.37,卖盘,0.63%,0.4
2025-03-07 15:00:00,601689,拓普集团,63.93,15700,100.37,卖盘,0.63%,0.4
2025-03-07 15:00:00,601689,拓普集团,63.93,15700,100.37,卖盘,0.63%,0.4
2025-03-07 15:00:00,601689,拓普集团,63.93,15700,100.37,卖盘,0.63%,0.4
2025-03-07 15:00:00,601689,拓普集团,63.93,15700,100.37,卖盘,0.63%,0.4
2025-03-07 15:00:00,601689,拓普集团,63.93,15700,100.37,卖盘,0.63%,0.4
2025-03-07 15:00:00,601689,拓普集团,63.93,15700,100.37,卖盘,0.63%,0.4
2025-03-07 15:00:00,601689,拓普集团,63.93,15700,100.37,卖盘,0.63%,0.4
2025-03-07 15:00:00,601689,拓普集团,63.93,15700,100.37,卖盘,0.63%,0.4
2025-03-07 15:00:00,601689,拓普集团,63.93,47900,306.22,卖盘,0.63%,0.4
2025-03-07 15:00:00,601689,拓普集团,63.93,25000,159.82,卖盘,0.63%,0.4
2025-03-07 15:00:00,688629,华丰科技,61.72,19362,119.5,卖盘,-1.72%,-1.06
2025-03-07 15:00:00,688629,华丰科技,61.72,20000,123.44,买盘,-1.72%,-1.06
2025-03-07 15:00:00,688629,华丰科技,61.72,45000,277.74,买盘,-1.72%,-1.06
2025-03-07 15:00:00,688629,华丰科技,61.72,10000,61.72,买盘,-1.72%,-1.06
2025-03-07 15:00:00,688629,华丰科技,61.72,18385,113.47,买盘,-1.72%,-1.06
2025-03-07 15:00:00,688629,华丰科技,61.72,9493,58.59,买盘,-1.72%,-1.06
2025-03-07 15:00:00,603728,鸣志电器,80.6,24100,194.25,卖盘,0.50%,0.4
2025-03-07 15:00:00,601995,中金公司,35.24,46900,165.28,买盘,-1.59%,-0.56
2025-03-07 15:00:00,600383,金地集团,4.83,297300,143.6,买盘,0.00%,0.0
2025-03-07 15:00:00,601077,渝农商行,5.54,187600,103.93,买盘,-2.12%,-0.12
2025-03-07 15:00:00,603663,三祥新材,24.9,50000,124.5,买盘,-4.05%,-1.01
2025-03-07 15:00:00,603663,三祥新材,24.9,40800,101.59,买盘,-4.05%,-1.01
2025-03-07 15:00:00,600732,爱旭股份,14.14,76140,107.66,买盘,2.46%,0.35
2025-03-07 15:00:00,600406,国电南瑞,22.9,58700,134.42,卖盘,-1.72%,-0.39
2025-03-07 15:00:00,600406,国电南瑞,22.9,53100,121.6,卖盘,-1.72%,-0.39
2025-03-07 15:00:00,600406,国电南瑞,22.9,64900,148.62,卖盘,-1.72%,-0.39
2025-03-07 15:00:00,600372,中航机载,11.88,94900,112.74,卖盘,1.11%,0.13
2025-03-07 15:00:00,688582,芯动联科,67.4,7600,51.22,买盘,2.82%,1.9
2025-03-07 15:00:00,688249,晶合集成,23.31,23800,55.48,卖盘,-2.10%,-0.49
2025-03-07 15:00:00,688433,华曙高科,54.0,11430,61.72,买盘,8.59%,4.64
2025-03-07 15:00:00,688141,杰华特,33.01,40295,133.01,卖盘,-3.90%,-1.29
2025-03-07 15:00:00,688141,杰华特,33.01,21800,71.96,买盘,-3.90%,-1.29
2025-03-07 15:00:00,688141,杰华特,33.01,77600,256.16,买盘,-3.90%,-1.29
2025-03-07 15:00:00,688141,杰华特,33.01,81496,269.02,买盘,-3.90%,-1.29
2025-03-07 15:00:00,688432,有研硅,12.45,74800,93.13,买盘,-4.60%,-0.57
2025-03-07 15:00:00,688053,思科瑞,32.23,24126,77.76,买盘,14.41%,4.65
2025-03-07 15:00:00,688053,思科瑞,32.23,20848,67.19,卖盘,14.41%,4.65
2025-03-07 15:00:00,688031,星环科技,69.66,13064,91.0,卖盘,-4.98%,-3.47
2025-03-07 15:00:00,688031,星环科技,69.66,10000,69.66,卖盘,-4.98%,-3.47
2025-03-07 15:00:00,688327,云从科技,19.16,34477,66.06,买盘,-6.49%,-1.24
2025-03-07 15:00:00,688327,云从科技,19.16,66517,127.45,卖盘,-6.49%,-1.24
2025-03-07 15:00:00,688327,云从科技,19.16,42466,81.36,卖盘,-6.49%,-1.24
2025-03-07 15:00:00,688306,均普智能,13.65,52339,71.44,卖盘,9.81%,1.34
2025-03-07 15:00:00,688306,均普智能,13.65,51800,70.71,卖盘,9.81%,1.34
2025-03-07 15:00:00,688306,均普智能,13.65,83200,113.57,买盘,9.81%,1.34
2025-03-07 15:00:00,688072,拓荆科技,194.99,20200,393.88,卖盘,1.03%,2.0
2025-03-07 15:00:00,688072,拓荆科技,194.99,3783,73.76,买盘,1.03%,2.0
2025-03-07 15:00:00,688072,拓荆科技,194.99,2800,54.6,卖盘,1.03%,2.0
2025-03-07 15:00:00,688072,拓荆科技,194.99,3400,66.3,卖盘,1.03%,2.0
2025-03-07 15:00:00,688072,拓荆科技,194.99,8400,163.79,卖盘,1.03%,2.0
2025-03-07 15:00:00,688072,拓荆科技,194.99,10400,202.79,卖盘,1.03%,2.0
2025-03-07 15:00:00,688072,拓荆科技,194.99,4400,85.8,卖盘,1.03%,2.0
2025-03-07 15:00:00,688072,拓荆科技,194.99,4400,85.8,卖盘,1.03%,2.0
2025-03-07 15:00:00,688072,拓荆科技,194.99,3308,64.5,卖盘,1.03%,2.0
2025-03-07 15:00:00,688003,天准科技,62.42,15228,95.05,卖盘,-1.53%,-0.96
2025-03-07 15:00:00,688003,天准科技,62.42,15600,97.38,买盘,-1.53%,-0.96
2025-03-07 15:00:00,688008,澜起科技,79.62,10600,84.4,买盘,-1.26%,-1.01
2025-03-07 15:00:00,688008,澜起科技,79.62,26000,207.01,买盘,-1.26%,-1.01
2025-03-07 15:00:00,688008,澜起科技,79.62,7800,62.1,买盘,-1.26%,-1.01
2025-03-07 15:00:00,688008,澜起科技,79.62,29479,234.71,买盘,-1.26%,-1.01
2025-03-07 15:00:00,688008,澜起科技,79.62,16663,132.67,买盘,-1.26%,-1.01
2025-03-07 15:00:00,688008,澜起科技,79.62,30837,245.52,买盘,-1.26%,-1.01
2025-03-07 15:00:00,688008,澜起科技,79.62,10000,79.62,买盘,-1.26%,-1.01
2025-03-07 15:00:00,688008,澜起科技,79.62,9543,75.98,卖盘,-1.26%,-1.01
2025-03-07 15:00:00,600390,五矿资本,5.96,198600,118.37,卖盘,-2.61%,-0.16
2025-03-07 15:00:00,600556,天下秀,5.47,504000,275.69,卖盘,-1.62%,-0.09
2025-03-07 15:00:00,603220,中贝通信,28.68,42200,121.03,买盘,-1.98%,-0.57
2025-03-07 15:00:00,603220,中贝通信,28.68,40700,116.73,买盘,-1.98%,-0.57
2025-03-07 15:00:00,603220,中贝通信,28.68,93500,268.16,买盘,-1.98%,-0.57
2025-03-07 15:00:00,603220,中贝通信,28.68,93500,268.16,买盘,-1.98%,-0.57
2025-03-07 15:00:00,603220,中贝通信,28.68,35600,102.1,买盘,-1.98%,-0.57
2025-03-07 15:00:00,603986,兆易创新,134.68,35400,476.77,买盘,-2.21%,-2.98
2025-03-07 15:00:00,603986,兆易创新,134.68,19200,258.59,买盘,-2.21%,-2.98
2025-03-07 15:00:00,603986,兆易创新,134.68,9200,123.91,买盘,-2.21%,-2.98
2025-03-07 15:00:00,603986,兆易创新,134.68,35400,476.77,买盘,-2.21%,-2.98
2025-03-07 15:00:00,603986,兆易创新,134.68,55500,747.47,卖盘,-2.21%,-2.98
2025-03-07 15:00:00,603986,兆易创新,134.68,57400,773.06,卖盘,-2.21%,-2.98
2025-03-07 15:00:00,603986,兆易创新,134.68,20200,272.05,买盘,-2.21%,-2.98
2025-03-07 15:00:00,603986,兆易创新,134.68,16300,219.53,买盘,-2.21%,-2.98
2025-03-07 15:00:00,603986,兆易创新,134.68,69340,933.87,买盘,-2.21%,-2.98
2025-03-07 15:00:00,603986,兆易创新,134.68,42440,571.58,买盘,-2.21%,-2.98
2025-03-07 15:00:00,603986,兆易创新,134.68,27660,372.52,买盘,-2.21%,-2.98
2025-03-07 15:00:00,603986,兆易创新,134.68,11580,155.96,买盘,-2.21%,-2.98
2025-03-07 15:00:00,603986,兆易创新,134.68,10680,143.84,买盘,-2.21%,-2.98
2025-03-07 15:00:00,603986,兆易创新,134.68,17700,238.38,买盘,-2.21%,-2.98
2025-03-07 15:00:00,603986,兆易创新,134.68,14600,196.63,买盘,-2.21%,-2.98
2025-03-07 15:00:00,603986,兆易创新,134.68,17700,238.38,买盘,-2.21%,-2.98
2025-03-07 15:00:00,603986,兆易创新,134.68,24680,332.39,买盘,-2.21%,-2.98
2025-03-07 15:00:00,603986,兆易创新,134.68,9800,131.99,卖盘,-2.21%,-2.98
2025-03-07 15:00:00,603986,兆易创新,134.68,14700,197.98,卖盘,-2.21%,-2.98
2025-03-07 15:00:00,603986,兆易创新,134.68,20300,273.4,卖盘,-2.21%,-2.98
2025-03-07 15:00:00,603986,兆易创新,134.68,8420,113.4,卖盘,-2.21%,-2.98
2025-03-07 15:00:00,603986,兆易创新,134.68,10000,134.68,买盘,-2.21%,-2.98
2025-03-07 15:00:00,603986,兆易创新,134.68,20300,273.4,卖盘,-2.21%,-2.98
2025-03-07 15:00:00,603986,兆易创新,134.68,20300,273.4,卖盘,-2.21%,-2.98
2025-03-07 15:00:00,603986,兆易创新,134.68,10900,146.8,买盘,-2.21%,-2.98
2025-03-07 15:00:00,603986,兆易创新,134.68,7520,101.28,买盘,-2.21%,-2.98
2025-03-07 15:00:00,603986,兆易创新,134.68,8500,114.48,买盘,-2.21%,-2.98
2025-03-07 15:00:00,603986,兆易创新,134.68,10700,144.11,买盘,-2.21%,-2.98
2025-03-07 15:00:00,601059,信达证券,16.36,105200,172.11,卖盘,-2.21%,-0.36
2025-03-07 15:00:00,601059,信达证券,16.36,67600,110.59,卖盘,-2.21%,-0.36
2025-03-07 15:00:00,601059,信达证券,16.36,147800,241.8,买盘,-2.21%,-0.36
2025-03-07 15:00:00,688385,复旦微电,50.45,18000,90.81,买盘,8.38%,4.23
2025-03-07 15:00:00,688385,复旦微电,50.45,69000,348.1,买盘,8.38%,4.23
2025-03-07 15:00:00,688385,复旦微电,50.45,18000,90.81,买盘,8.38%,4.23
2025-03-07 15:00:00,688385,复旦微电,50.45,14200,71.64,买盘,8.38%,4.23
2025-03-07 15:00:00,688385,复旦微电,50.45,20800,104.94,买盘,8.38%,4.23
2025-03-07 15:00:00,688385,复旦微电,50.45,52400,264.36,买盘,8.38%,4.23
2025-03-07 15:00:00,688385,复旦微电,50.45,10000,50.45,卖盘,8.38%,4.23
2025-03-07 15:00:00,688385,复旦微电,50.45,44744,225.73,买盘,8.38%,4.23
2025-03-07 15:00:00,688385,复旦微电,50.45,13000,65.58,卖盘,8.38%,4.23
2025-03-07 15:00:00,688385,复旦微电,50.45,10000,50.45,卖盘,8.38%,4.23
2025-03-07 15:00:00,600207,安彩高科,4.7,225900,106.17,买盘,3.98%,0.19
2025-03-07 15:00:00,688089,嘉必优,24.92,21600,53.83,买盘,4.09%,1.02
2025-03-07 15:00:00,601868,中国能建,2.31,276803,63.94,买盘,-0.43%,-0.01
2025-03-07 15:00:00,601868,中国能建,2.31,600000,138.6,买盘,-0.43%,-0.01
2025-03-07 15:00:00,601868,中国能建,2.31,600000,138.6,买盘,-0.43%,-0.01
2025-03-07 15:00:00,601868,中国能建,2.31,261000,60.29,买盘,-0.43%,-0.01
2025-03-07 15:00:00,601868,中国能建,2.31,200100,46.22,买盘,-0.43%,-0.01
2025-03-07 15:00:00,601868,中国能建,2.31,720000,166.32,卖盘,-0.43%,-0.01
2025-03-07 15:00:00,601868,中国能建,2.31,328080,75.79,卖盘,-0.43%,-0.01
2025-03-07 15:00:00,601868,中国能建,2.31,547183,126.4,买盘,-0.43%,-0.01
2025-03-07 15:00:00,600941,中国移动,108.59,37000,401.78,买盘,0.57%,0.62
2025-03-07 15:00:00,600941,中国移动,108.59,18100,196.55,买盘,0.57%,0.62
2025-03-07 15:00:00,600941,中国移动,108.59,33217,360.7,买盘,0.57%,0.62
2025-03-07 15:00:00,600941,中国移动,108.59,12879,139.85,买盘,0.57%,0.62
2025-03-07 15:00:00,600941,中国移动,108.59,35921,390.07,买盘,0.57%,0.62
2025-03-07 15:00:00,600941,中国移动,108.59,11879,128.99,买盘,0.57%,0.62
2025-03-07 15:00:00,600941,中国移动,108.59,13281,144.22,买盘,0.57%,0.62
2025-03-07 15:00:00,600941,中国移动,108.59,20300,220.44,买盘,0.57%,0.62
2025-03-07 15:00:00,600941,中国移动,108.59,19240,208.93,买盘,0.57%,0.62
2025-03-07 15:00:00,600941,中国移动,108.59,16000,173.74,卖盘,0.57%,0.62
2025-03-07 15:00:00,601555,东吴证券,8.05,129700,104.41,买盘,-0.98%,-0.08
2025-03-07 15:00:00,601555,东吴证券,8.05,125900,101.35,卖盘,-0.98%,-0.08
2025-03-07 15:00:00,600893,航发动力,37.91,47200,178.94,买盘,5.07%,1.92
2025-03-07 15:00:00,600893,航发动力,37.91,28600,108.42,买盘,5.07%,1.92
2025-03-07 15:00:00,603348,文灿股份,25.78,38800,100.03,卖盘,-0.08%,-0.02
2025-03-07 15:00:00,603348,文灿股份,25.78,48248,124.38,买盘,-0.08%,-0.02
2025-03-07 15:00:00,600999,招商证券,18.12,59000,106.91,卖盘,-2.21%,-0.4
2025-03-07 15:00:00,600309,万华化学,68.62,21300,146.16,卖盘,0.38%,0.26
2025-03-07 15:00:00,600309,万华化学,68.62,47400,325.26,卖盘,0.38%,0.26
2025-03-07 15:00:00,601088,中国神华,35.89,41000,147.15,卖盘,1.13%,0.4
2025-03-07 15:00:00,601088,中国神华,35.89,41200,147.87,卖盘,1.13%,0.4
2025-03-07 15:00:00,601088,中国神华,35.89,101600,364.64,卖盘,1.13%,0.4
2025-03-07 15:00:00,688449,联芸科技,53.76,15200,81.72,买盘,-0.89%,-0.48
2025-03-07 15:00:00,603619,中曼石油,17.67,65700,116.09,买盘,0.51%,0.09
2025-03-07 15:00:00,601933,永辉超市,5.0,300000,150.0,卖盘,-0.40%,-0.02
2025-03-07 15:00:00,600071,凤凰光学,21.57,50000,107.85,卖盘,-1.10%,-0.24
2025-03-07 15:00:00,600415,小商品城,13.45,80100,107.73,卖盘,-1.10%,-0.15
2025-03-07 15:00:00,600900,长江电力,27.26,44000,119.94,卖盘,0.15%,0.04
2025-03-07 15:00:00,600900,长江电力,27.26,67400,183.73,买盘,0.15%,0.04
2025-03-07 15:00:00,600900,长江电力,27.26,149100,406.45,买盘,0.15%,0.04
2025-03-07 15:00:00,600520,文一科技,34.8,38600,134.33,卖盘,-2.27%,-0.79
2025-03-07 15:00:00,601866,中远海发,2.33,221400,51.59,卖盘,0.00%,0.0
2025-03-07 15:00:00,688981,中芯国际,96.88,5999,58.12,卖盘,-1.80%,-1.75
2025-03-07 15:00:00,688981,中芯国际,96.88,7894,76.48,买盘,-1.80%,-1.75
2025-03-07 15:00:00,688981,中芯国际,96.88,16600,160.82,卖盘,-1.80%,-1.75
2025-03-07 15:00:00,688981,中芯国际,96.88,5435,52.65,买盘,-1.80%,-1.75
2025-03-07 15:00:00,688981,中芯国际,96.88,33600,325.52,卖盘,-1.80%,-1.75
2025-03-07 15:00:00,688981,中芯国际,96.88,14623,141.67,买盘,-1.80%,-1.75
2025-03-07 15:00:00,688981,中芯国际,96.88,5600,54.25,买盘,-1.80%,-1.75
2025-03-07 15:00:00,603108,润达医疗,20.76,48700,101.1,卖盘,-2.40%,-0.5
2025-03-07 15:00:00,603108,润达医疗,20.76,48700,101.1,卖盘,-2.40%,-0.5
2025-03-07 15:00:00,600160,巨化股份,25.25,44400,112.11,卖盘,2.27%,0.57
2025-03-07 15:00:00,600160,巨化股份,25.25,53000,133.82,卖盘,2.27%,0.57
2025-03-07 15:00:00,600050,中国联通,6.41,170500,109.29,卖盘,-1.84%,-0.12
2025-03-07 15:00:00,600050,中国联通,6.41,286200,183.45,买盘,-1.84%,-0.12
2025-03-07 15:00:00,600050,中国联通,6.41,259100,166.08,买盘,-1.84%,-0.12
2025-03-07 15:00:00,600050,中国联通,6.41,598400,383.57,买盘,-1.84%,-0.12
2025-03-07 15:00:00,603927,中科软,24.33,103600,252.06,买盘,-2.76%,-0.67
2025-03-07 15:00:00,603927,中科软,24.33,58500,142.33,买盘,-2.76%,-0.67
2025-03-07 15:00:00,603927,中科软,24.33,80300,195.37,买盘,-2.76%,-0.67
2025-03-07 15:00:00,603927,中科软,24.33,46000,111.92,买盘,-2.76%,-0.67
2025-03-07 15:00:00,603927,中科软,24.33,64000,155.71,买盘,-2.76%,-0.67
2025-03-07 15:00:00,600734,实达集团,4.97,300000,149.1,卖盘,-4.42%,-0.22
2025-03-07 15:00:00,600734,实达集团,4.97,235500,117.04,卖盘,-4.42%,-0.22
2025-03-07 15:00:00,600734,实达集团,4.97,300000,149.1,卖盘,-4.42%,-0.22
2025-03-07 15:00:00,600734,实达集团,4.97,228900,113.76,卖盘,-4.42%,-0.22
2025-03-07 15:00:00,600633,浙数文化,15.2,149600,227.39,卖盘,0.46%,0.07
2025-03-07 15:00:00,600633,浙数文化,15.2,139000,211.28,卖盘,0.46%,0.07
2025-03-07 15:00:00,688567,孚能科技,15.65,37000,57.9,买盘,-3.93%,-0.61
2025-03-07 15:00:00,688567,孚能科技,15.65,65321,102.23,买盘,-3.93%,-0.61
2025-03-07 15:00:00,688567,孚能科技,15.65,34800,54.46,买盘,-3.93%,-0.61
2025-03-07 15:00:00,601456,国联民生,11.09,100300,111.23,卖盘,-1.86%,-0.21
2025-03-07 15:00:00,600118,中国卫星,28.4,48600,138.02,买盘,-0.73%,-0.21
2025-03-07 15:00:00,600521,华海药业,15.15,70800,107.26,卖盘,0.33%,0.05
2025-03-07 15:00:00,600200,江苏吴中,6.21,195800,121.59,卖盘,-2.51%,-0.16
2025-03-07 15:00:00,600157,永泰能源,1.47,300000,44.1,卖盘,-1.34%,-0.02
2025-03-07 15:00:00,600157,永泰能源,1.47,218500,32.12,卖盘,-1.34%,-0.02
2025-03-07 15:00:00,600157,永泰能源,1.47,300000,44.1,卖盘,-1.34%,-0.02
2025-03-07 15:00:00,600157,永泰能源,1.47,242500,35.65,卖盘,-1.34%,-0.02
2025-03-07 15:00:00,600157,永泰能源,1.47,574200,84.41,卖盘,-1.34%,-0.02
2025-03-07 15:00:00,600157,永泰能源,1.47,329200,48.39,卖盘,-1.34%,-0.02
2025-03-07 15:00:00,600157,永泰能源,1.47,628100,92.33,卖盘,-1.34%,-0.02
2025-03-07 15:00:00,600157,永泰能源,1.47,613000,90.11,卖盘,-1.34%,-0.02
2025-03-07 15:00:00,600157,永泰能源,1.47,272800,40.1,卖盘,-1.34%,-0.02
2025-03-07 15:00:00,600157,永泰能源,1.47,600000,88.2,卖盘,-1.34%,-0.02
2025-03-07 15:00:00,605298,必得科技,14.78,100000,147.8,卖盘,4.60%,0.68
2025-03-07 15:00:00,688147,微导纳米,31.52,27174,85.65,买盘,-1.47%,-0.46
2025-03-07 15:00:00,600611,大众交通,6.83,173800,118.71,卖盘,-1.73%,-0.12
2025-03-07 15:00:00,603859,能科科技,35.26,40248,141.91,卖盘,-1.29%,-0.45
2025-03-07 15:00:00,603859,能科科技,35.26,30000,105.78,买盘,-1.29%,-0.45
2025-03-07 15:00:00,603166,福达股份,12.6,144000,181.44,买盘,-2.55%,-0.32
2025-03-07 15:00:00,603166,福达股份,12.6,157700,198.7,买盘,-2.55%,-0.32
2025-03-07 15:00:00,603166,福达股份,12.6,212900,268.25,买盘,-2.55%,-0.32
2025-03-07 15:00:00,600705,中航产融,3.71,421800,156.49,卖盘,-0.80%,-0.03
2025-03-07 15:00:00,688049,炬芯科技,47.77,13000,62.1,买盘,-2.21%,-1.06
2025-03-07 15:00:00,688347,华虹公司,54.39,15000,81.58,买盘,0.50%,0.27
2025-03-07 15:00:00,688347,华虹公司,54.39,10900,59.29,买盘,0.50%,0.27
2025-03-07 15:00:00,688347,华虹公司,54.39,26500,144.13,卖盘,0.50%,0.27
2025-03-07 15:00:00,603612,索通发展,19.06,72400,137.99,买盘,1.27%,0.24
2025-03-07 15:00:00,600219,南山铝业,3.86,261000,100.75,卖盘,0.78%,0.03
2025-03-07 15:00:00,600219,南山铝业,3.86,375100,144.79,卖盘,0.78%,0.03
2025-03-07 15:00:00,600219,南山铝业,3.86,636200,245.57,卖盘,0.78%,0.03
2025-03-07 15:00:00,600219,南山铝业,3.86,207200,79.98,买盘,0.78%,0.03
2025-03-07 15:00:00,688608,恒玄科技,361.98,13200,477.81,卖盘,2.25%,8.14
2025-03-07 15:00:00,688608,恒玄科技,361.98,4981,180.3,买盘,2.25%,8.14
2025-03-07 15:00:00,688608,恒玄科技,361.98,2000,72.4,卖盘,2.25%,8.14
2025-03-07 15:00:00,688608,恒玄科技,361.98,10555,382.07,买盘,2.25%,8.14
2025-03-07 15:00:00,688608,恒玄科技,361.98,11533,417.47,买盘,2.25%,8.14
2025-03-07 15:00:00,688608,恒玄科技,361.98,5408,195.76,买盘,2.25%,8.14
2025-03-07 15:00:00,688608,恒玄科技,361.98,4515,163.43,买盘,2.25%,8.14
2025-03-07 15:00:00,688608,恒玄科技,361.98,2600,94.11,卖盘,2.25%,8.14
2025-03-07 15:00:00,688608,恒玄科技,361.98,3200,115.83,卖盘,2.25%,8.14
2025-03-07 15:00:00,688608,恒玄科技,361.98,1800,65.16,卖盘,2.25%,8.14
2025-03-07 15:00:00,688608,恒玄科技,361.98,4400,159.27,卖盘,2.25%,8.14
2025-03-07 15:00:00,688608,恒玄科技,361.98,4000,144.79,卖盘,2.25%,8.14
2025-03-07 15:00:00,688608,恒玄科技,361.98,1600,57.92,卖盘,2.25%,8.14
2025-03-07 15:00:00,688608,恒玄科技,361.98,2000,72.4,卖盘,2.25%,8.14
2025-03-07 15:00:00,688608,恒玄科技,361.98,3000,108.59,卖盘,2.25%,8.14
2025-03-07 15:00:00,688608,恒玄科技,361.98,1600,57.92,卖盘,2.25%,8.14
2025-03-07 15:00:00,688608,恒玄科技,361.98,3000,108.59,卖盘,2.25%,8.14
2025-03-07 15:00:00,688608,恒玄科技,361.98,1800,65.16,卖盘,2.25%,8.14
2025-03-07 15:00:00,688608,恒玄科技,361.98,3200,115.83,卖盘,2.25%,8.14
2025-03-07 15:00:00,688608,恒玄科技,361.98,2400,86.88,卖盘,2.25%,8.14
2025-03-07 15:00:00,688608,恒玄科技,361.98,1700,61.54,卖盘,2.25%,8.14
2025-03-07 15:00:00,601099,太平洋,4.02,235000,94.47,买盘,-1.95%,-0.08
2025-03-07 15:00:00,601099,太平洋,4.02,234400,94.23,买盘,-1.95%,-0.08
2025-03-07 15:00:00,601099,太平洋,4.02,212300,85.34,买盘,-1.95%,-0.08
2025-03-07 15:00:00,688400,凌云光,35.9,20000,71.8,买盘,-1.70%,-0.61
2025-03-07 15:00:00,688400,凌云光,35.9,14202,50.99,买盘,-1.70%,-0.61
2025-03-07 15:00:00,688400,凌云光,35.9,22989,82.53,卖盘,-1.70%,-0.61
2025-03-07 15:00:00,688400,凌云光,35.9,16299,58.51,卖盘,-1.70%,-0.61
2025-03-07 15:00:00,688400,凌云光,35.9,18413,66.1,买盘,-1.70%,-0.61
2025-03-07 15:00:00,603019,中科曙光,72.08,25700,185.25,买盘,-1.92%,-1.38
2025-03-07 15:00:00,603019,中科曙光,72.08,60000,432.48,卖盘,-1.92%,-1.38
2025-03-07 15:00:00,603019,中科曙光,72.08,14200,102.35,买盘,-1.92%,-1.38
2025-03-07 15:00:00,600871,石化油服,1.89,218700,41.33,卖盘,0.53%,0.01
2025-03-07 15:00:00,603893,瑞芯微,161.7,11900,192.42,买盘,-2.98%,-4.82
2025-03-07 15:00:00,603893,瑞芯微,161.7,7600,122.89,买盘,-2.98%,-4.82
2025-03-07 15:00:00,600592,龙溪股份,20.1,59001,118.59,卖盘,4.69%,0.94
2025-03-07 15:00:00,600592,龙溪股份,20.1,83400,167.63,卖盘,4.69%,0.94
2025-03-07 15:00:00,600592,龙溪股份,20.1,100000,201.0,买盘,4.69%,0.94
2025-03-07 15:00:00,600592,龙溪股份,20.1,56200,112.96,买盘,4.69%,0.94
2025-03-07 15:00:00,600592,龙溪股份,20.1,50100,100.7,买盘,4.69%,0.94
2025-03-07 15:00:00,600592,龙溪股份,20.1,63100,126.83,卖盘,4.69%,0.94
2025-03-07 15:00:00,688205,德科立,71.72,7200,51.64,卖盘,-2.69%,-1.93
2025-03-07 15:00:00,601136,首创证券,21.77,48500,105.58,买盘,-3.63%,-0.79
2025-03-07 15:00:00,601136,首创证券,21.77,76700,166.98,买盘,-3.63%,-0.79
2025-03-07 15:00:00,601136,首创证券,21.77,90800,197.67,买盘,-3.63%,-0.79
2025-03-07 15:00:00,601136,首创证券,21.77,55100,119.95,买盘,-3.63%,-0.79
2025-03-07 15:00:00,601136,首创证券,21.77,121900,265.38,买盘,-3.63%,-0.79
2025-03-07 15:00:00,601136,首创证券,21.77,121900,265.38,买盘,-3.63%,-0.79
2025-03-07 15:00:00,603918,金桥信息,18.68,66500,124.22,卖盘,-7.02%,-1.31
2025-03-07 15:00:00,600584,长电科技,37.7,34500,130.06,买盘,-1.77%,-0.67
2025-03-07 15:00:00,600584,长电科技,37.7,27400,103.3,买盘,-1.77%,-0.67
2025-03-07 15:00:00,603283,赛腾股份,64.84,18500,119.95,买盘,-2.92%,-1.89
2025-03-07 15:00:00,603283,赛腾股份,64.84,24500,158.86,买盘,-2.92%,-1.89
2025-03-07 15:00:00,603283,赛腾股份,64.84,18300,118.66,买盘,-2.92%,-1.89
2025-03-07 15:00:00,600418,江淮汽车,34.75,67500,234.56,卖盘,-0.71%,-0.25
2025-03-07 15:00:00,603799,华友钴业,36.3,48900,177.51,买盘,0.89%,0.32
2025-03-07 15:00:00,603799,华友钴业,36.3,27600,100.19,买盘,0.89%,0.32
2025-03-07 15:00:00,603799,华友钴业,36.3,74100,268.98,买盘,0.89%,0.32
2025-03-07 15:00:00,603799,华友钴业,36.3,63700,231.23,买盘,0.89%,0.32
2025-03-07 15:00:00,603799,华友钴业,36.3,74100,268.98,买盘,0.89%,0.32
2025-03-07 15:00:00,603799,华友钴业,36.3,55525,201.56,买盘,0.89%,0.32
2025-03-07 15:00:00,603799,华友钴业,36.3,74100,268.98,买盘,0.89%,0.32
2025-03-07 15:00:00,603799,华友钴业,36.3,115300,418.54,买盘,0.89%,0.32
2025-03-07 15:00:00,603799,华友钴业,36.3,27675,100.46,买盘,0.89%,0.32
2025-03-07 15:00:00,603712,七一二,20.46,106800,218.51,买盘,2.87%,0.59
2025-03-07 15:00:00,603712,七一二,20.46,129600,265.16,买盘,2.87%,0.59
2025-03-07 15:00:00,601919,中远海控,13.74,150000,206.1,卖盘,-0.22%,-0.03
2025-03-07 15:00:00,600988,赤峰黄金,19.28,137900,265.87,买盘,0.26%,0.05
2025-03-07 15:00:00,601177,杭齿前进,23.97,48900,117.21,卖盘,4.63%,1.11
2025-03-07 15:00:00,601177,杭齿前进,23.97,163300,391.43,卖盘,4.63%,1.11
2025-03-07 15:00:00,601177,杭齿前进,23.97,100000,239.7,卖盘,4.63%,1.11
2025-03-07 15:00:00,601177,杭齿前进,23.97,140400,336.54,卖盘,4.63%,1.11
2025-03-07 15:00:00,601177,杭齿前进,23.97,54000,129.44,卖盘,4.63%,1.11
2025-03-07 15:00:00,601177,杭齿前进,23.97,57800,138.55,卖盘,4.63%,1.11
2025-03-07 15:00:00,600751,海航科技,2.81,876925,246.42,卖盘,-6.02%,-0.17
2025-03-07 15:00:00,600751,海航科技,2.81,303000,85.14,卖盘,-6.02%,-0.17
2025-03-07 15:00:00,600751,海航科技,2.81,300000,84.3,买盘,-6.02%,-0.17
2025-03-07 15:00:00,600751,海航科技,2.81,300000,84.3,买盘,-6.02%,-0.17
2025-03-07 15:00:00,600751,海航科技,2.81,300000,84.3,买盘,-6.02%,-0.17
2025-03-07 15:00:00,600751,海航科技,2.81,300000,84.3,买盘,-6.02%,-0.17
2025-03-07 15:00:00,600751,海航科技,2.81,300000,84.3,买盘,-6.02%,-0.17
2025-03-07 15:00:00,600100,同方股份,8.56,150000,128.4,买盘,-1.83%,-0.16
2025-03-07 15:00:00,600100,同方股份,8.56,150600,128.91,买盘,-1.83%,-0.16
2025-03-07 15:00:00,601877,正泰电器,23.69,50600,119.87,买盘,-0.21%,-0.05
2025-03-07 15:00:00,600439,瑞贝卡,3.86,200000,77.2,卖盘,-4.93%,-0.19
2025-03-07 15:00:00,601788,光大证券,17.42,63900,111.31,卖盘,-1.86%,-0.32
2025-03-07 15:00:00,600363,联创光电,55.39,28800,159.52,买盘,-2.07%,-1.15
2025-03-07 15:00:00,601398,工商银行,6.8,205100,139.47,卖盘,-0.44%,-0.03
2025-03-07 15:00:00,601398,工商银行,6.8,300000,204.0,卖盘,-0.44%,-0.03
2025-03-07 15:00:00,601398,工商银行,6.8,300000,204.0,卖盘,-0.44%,-0.03
2025-03-07 15:00:00,601398,工商银行,6.8,291900,198.49,卖盘,-0.44%,-0.03
2025-03-07 15:00:00,601398,工商银行,6.8,154510,105.07,卖盘,-0.44%,-0.03
2025-03-07 15:00:00,601398,工商银行,6.8,300000,204.0,卖盘,-0.44%,-0.03
2025-03-07 15:00:00,601398,工商银行,6.8,300000,204.0,卖盘,-0.44%,-0.03
2025-03-07 15:00:00,601398,工商银行,6.8,300000,204.0,卖盘,-0.44%,-0.03
2025-03-07 15:00:00,601398,工商银行,6.8,300000,204.0,卖盘,-0.44%,-0.03
2025-03-07 15:00:00,601398,工商银行,6.8,300000,204.0,卖盘,-0.44%,-0.03
2025-03-07 15:00:00,601398,工商银行,6.8,159000,108.12,卖盘,-0.44%,-0.03
2025-03-07 15:00:00,601398,工商银行,6.8,166500,113.22,卖盘,-0.44%,-0.03
2025-03-07 15:00:00,601398,工商银行,6.8,584600,397.53,卖盘,-0.44%,-0.03
2025-03-07 15:00:00,601398,工商银行,6.8,990000,673.2,卖盘,-0.44%,-0.03
2025-03-07 15:00:00,601398,工商银行,6.8,300000,204.0,买盘,-0.44%,-0.03
2025-03-07 15:00:00,601398,工商银行,6.8,203900,138.65,买盘,-0.44%,-0.03
2025-03-07 15:00:00,301606,绿联科技,43.94,11900,52.29,卖盘,-3.39%,-1.49
2025-03-07 15:00:00,301600,慧翰股份,167.0,3900,65.13,买盘,6.63%,11.07
2025-03-07 15:00:00,301421,波长光电,51.79,10800,55.93,买盘,-3.27%,-1.69
2025-03-07 15:00:00,301421,波长光电,51.79,12900,66.81,买盘,-3.27%,-1.69
2025-03-07 15:00:00,301389,隆扬电子,23.58,50700,119.55,卖盘,0.98%,0.23
2025-03-07 15:00:00,301389,隆扬电子,23.58,33000,77.81,买盘,0.98%,0.23
2025-03-07 15:00:00,301389,隆扬电子,23.58,25000,58.95,卖盘,0.98%,0.23
2025-03-07 15:00:00,301389,隆扬电子,23.58,28400,66.97,卖盘,0.98%,0.23
2025-03-07 15:00:00,301389,隆扬电子,23.58,31700,74.75,买盘,0.98%,0.23
2025-03-07 15:00:00,301379,天山电子,30.99,18120,56.15,卖盘,16.50%,5.11
2025-03-07 15:00:00,301379,天山电子,30.99,17760,55.04,卖盘,16.50%,5.11
2025-03-07 15:00:00,301379,天山电子,30.99,22640,70.16,卖盘,16.50%,5.11
2025-03-07 15:00:00,301379,天山电子,30.99,16300,50.51,买盘,16.50%,5.11
2025-03-07 15:00:00,301368,丰立智能,97.0,276000,2677.2,买盘,15.20%,14.75
2025-03-07 15:00:00,301368,丰立智能,97.0,16200,157.14,买盘,15.20%,14.75
2025-03-07 15:00:00,301368,丰立智能,97.0,13600,131.92,买盘,15.20%,14.75
2025-03-07 15:00:00,301316,慧博云通,28.2,20000,56.4,买盘,-2.52%,-0.71
2025-03-07 15:00:00,301316,慧博云通,28.2,34100,96.16,卖盘,-2.52%,-0.71
2025-03-07 15:00:00,301316,慧博云通,28.2,26400,74.45,卖盘,-2.52%,-0.71
2025-03-07 15:00:00,301316,慧博云通,28.2,23800,67.12,买盘,-2.52%,-0.71
2025-03-07 15:00:00,301307,美利信,28.68,93700,268.73,买盘,-0.76%,-0.22
2025-03-07 15:00:00,301307,美利信,28.68,36700,105.26,买盘,-0.76%,-0.22
2025-03-07 15:00:00,301306,西测测试,44.5,16600,73.87,买盘,-0.65%,-0.29
2025-03-07 15:00:00,301293,三博脑科,51.43,12200,62.74,买盘,-1.46%,-0.75
2025-03-07 15:00:00,301293,三博脑科,51.43,17600,90.52,卖盘,-1.46%,-0.75
2025-03-07 15:00:00,301287,康力源,33.44,30600,102.33,买盘,-8.66%,-2.9
2025-03-07 15:00:00,301259,艾布鲁,48.88,36600,178.9,卖盘,0.99%,0.48
2025-03-07 15:00:00,301255,通力科技,50.85,26500,134.75,卖盘,8.49%,4.32
2025-03-07 15:00:00,301255,通力科技,50.85,13300,67.63,卖盘,8.49%,4.32
2025-03-07 15:00:00,301255,通力科技,50.85,10000,50.85,卖盘,8.49%,4.32
2025-03-07 15:00:00,301255,通力科技,50.85,22400,113.9,买盘,8.49%,4.32
2025-03-07 15:00:00,301255,通力科技,50.85,10300,52.38,卖盘,8.49%,4.32
2025-03-07 15:00:00,301255,通力科技,50.85,10000,50.85,卖盘,8.49%,4.32
2025-03-07 15:00:00,301208,中亦科技,46.46,45800,212.79,买盘,-6.24%,-2.9
2025-03-07 15:00:00,301208,中亦科技,46.46,11540,53.61,卖盘,-6.24%,-2.9
2025-03-07 15:00:00,301208,中亦科技,46.46,47200,219.29,买盘,-6.24%,-2.9
2025-03-07 15:00:00,301208,中亦科技,46.46,20900,97.1,卖盘,-6.24%,-2.9
2025-03-07 15:00:00,301208,中亦科技,46.46,42680,198.29,卖盘,-6.24%,-2.9
2025-03-07 15:00:00,301191,菲菱科思,103.6,4900,50.76,买盘,5.08%,5.26
2025-03-07 15:00:00,301171,易点天下,29.83,34400,102.62,买盘,-2.99%,-0.89
2025-03-07 15:00:00,301171,易点天下,29.83,18100,53.99,买盘,-2.99%,-0.89
2025-03-07 15:00:00,301171,易点天下,29.83,90000,268.47,买盘,-2.99%,-0.89
2025-03-07 15:00:00,301149,隆华新材,12.45,50000,62.25,买盘,3.58%,0.45
2025-03-07 15:00:00,301149,隆华新材,12.45,77700,96.74,买盘,3.58%,0.45
2025-03-07 15:00:00,301139,元道通信,33.0,195900,646.47,买盘,-12.00%,-3.96
2025-03-07 15:00:00,301139,元道通信,33.0,71700,236.61,买盘,-12.00%,-3.96
2025-03-07 15:00:00,301139,元道通信,33.0,66600,219.78,买盘,-12.00%,-3.96
2025-03-07 15:00:00,301139,元道通信,33.0,28200,93.06,买盘,-12.00%,-3.96
2025-03-07 15:00:00,301139,元道通信,33.0,16700,55.11,买盘,-12.00%,-3.96
2025-03-07 15:00:00,301139,元道通信,33.0,18300,60.39,买盘,-12.00%,-3.96
2025-03-07 15:00:00,301139,元道通信,33.0,28300,93.39,买盘,-12.00%,-3.96
2025-03-07 15:00:00,301139,元道通信,33.0,43700,144.21,买盘,-12.00%,-3.96
2025-03-07 15:00:00,301087,可孚医疗,37.17,16700,62.07,卖盘,-1.27%,-0.47
2025-03-07 15:00:00,301087,可孚医疗,37.17,16500,61.33,买盘,-1.27%,-0.47
2025-03-07 15:00:00,301047,义翘神州,64.63,8400,54.29,卖盘,-1.27%,-0.82
2025-03-07 15:00:00,301010,晶雪节能,17.37,44300,76.95,买盘,-0.86%,-0.15
2025-03-07 15:00:00,301009,可靠股份,12.57,50400,63.35,卖盘,2.86%,0.36
2025-03-07 15:00:00,301009,可靠股份,12.57,84200,105.84,卖盘,2.86%,0.36
2025-03-07 15:00:00,300988,津荣天宇,21.93,52300,114.69,买盘,3.30%,0.72
2025-03-07 15:00:00,300988,津荣天宇,21.93,38200,83.77,卖盘,3.30%,0.72
2025-03-07 15:00:00,300933,中辰股份,7.76,145300,112.75,买盘,-3.12%,-0.24
2025-03-07 15:00:00,300933,中辰股份,7.76,235300,182.59,买盘,-3.12%,-0.24
2025-03-07 15:00:00,300926,博俊科技,30.19,20000,60.38,买盘,2.06%,0.62
2025-03-07 15:00:00,300921,南凌科技,33.0,120100,396.33,买盘,0.09%,0.03
2025-03-07 15:00:00,301626,苏州天脉,91.84,5800,53.27,买盘,0.71%,0.65
2025-03-07 15:00:00,301556,托普云农,97.16,8200,79.67,买盘,-3.15%,-3.06
2025-03-07 15:00:00,300917,特发服务,50.32,15800,79.51,卖盘,-5.50%,-2.77
2025-03-07 15:00:00,300913,兆龙互连,52.5,18800,98.7,买盘,-2.58%,-1.35
2025-03-07 15:00:00,300913,兆龙互连,52.5,22200,116.55,买盘,-2.58%,-1.35
2025-03-07 15:00:00,300870,欧陆通,139.59,6200,86.55,买盘,-6.38%,-8.9
2025-03-07 15:00:00,301526,国际复材,3.47,200000,69.4,卖盘,-1.14%,-0.04
2025-03-07 15:00:00,300840,酷特智能,28.82,39500,113.84,买盘,11.10%,3.2
2025-03-07 15:00:00,300840,酷特智能,28.82,60000,172.92,卖盘,11.10%,3.2
2025-03-07 15:00:00,300840,酷特智能,28.82,37600,108.36,卖盘,11.10%,3.2
2025-03-07 15:00:00,300840,酷特智能,28.82,18200,52.45,卖盘,11.10%,3.2
2025-03-07 15:00:00,300840,酷特智能,28.82,30000,86.46,买盘,11.10%,3.2
2025-03-07 15:00:00,300840,酷特智能,28.82,18000,51.88,卖盘,11.10%,3.2
2025-03-07 15:00:00,300840,酷特智能,28.82,19300,55.62,买盘,11.10%,3.2
2025-03-07 15:00:00,300840,酷特智能,28.82,18600,53.61,买盘,11.10%,3.2
2025-03-07 15:00:00,301325,曼恩斯特,81.4,14100,114.77,买盘,3.44%,2.8
2025-03-07 15:00:00,301325,曼恩斯特,81.4,8300,67.56,买盘,3.44%,2.8
2025-03-07 15:00:00,301325,曼恩斯特,81.4,6800,55.35,买盘,3.44%,2.8
2025-03-07 15:00:00,301325,曼恩斯特,81.4,6900,56.17,卖盘,3.44%,2.8
2025-03-07 15:00:00,301325,曼恩斯特,81.4,11300,91.98,卖盘,3.44%,2.8
2025-03-07 15:00:00,300840,酷特智能,28.82,40000,115.28,买盘,11.10%,3.2
2025-03-07 15:00:00,300840,酷特智能,28.82,19000,54.76,买盘,11.10%,3.2
2025-03-07 15:00:00,300840,酷特智能,28.82,31300,90.21,买盘,11.10%,3.2
2025-03-07 15:00:00,300840,酷特智能,28.82,122000,351.6,买盘,11.10%,3.2
2025-03-07 15:00:00,301297,富乐德,41.75,13300,55.53,卖盘,-2.86%,-1.19
2025-03-07 15:00:00,300840,酷特智能,28.82,63100,181.85,买盘,11.10%,3.2
2025-03-07 15:00:00,300840,酷特智能,28.82,22400,64.56,卖盘,11.10%,3.2
2025-03-07 15:00:00,301269,华大九天,115.9,7900,91.56,买盘,-2.98%,-3.45
2025-03-07 15:00:00,301269,华大九天,115.9,6100,70.7,买盘,-2.98%,-3.45
2025-03-07 15:00:00,301261,恒工精密,83.0,6200,51.46,卖盘,7.37%,6.12
2025-03-07 15:00:00,301232,飞沃科技,29.24,23600,69.01,买盘,-1.22%,-0.36
2025-03-07 15:00:00,301219,腾远钴业,58.7,11300,66.33,卖盘,4.15%,2.44
2025-03-07 15:00:00,301219,腾远钴业,58.7,10000,58.7,买盘,4.15%,2.44
2025-03-07 15:00:00,300803,指南针,89.87,7200,64.71,卖盘,-3.08%,-2.77
2025-03-07 15:00:00,301187,欧圣电气,42.58,16800,71.53,买盘,-3.16%,-1.35
2025-03-07 15:00:00,301182,凯旺科技,43.5,54400,236.64,买盘,-6.17%,-2.68
2025-03-07 15:00:00,300803,指南针,89.87,21100,189.63,买盘,-3.08%,-2.77
2025-03-07 15:00:00,300803,指南针,89.87,29900,268.71,买盘,-3.08%,-2.77
2025-03-07 15:00:00,300779,惠城环保,134.96,10000,134.96,卖盘,-4.45%,-6.01
2025-03-07 15:00:00,301161,唯万密封,24.47,25000,61.18,买盘,4.00%,0.98
2025-03-07 15:00:00,300769,德方纳米,35.62,23600,84.06,买盘,-2.54%,-0.91
2025-03-07 15:00:00,301135,瑞德智能,28.44,18900,53.75,买盘,-0.80%,-0.23
2025-03-07 15:00:00,300757,罗博特科,189.71,5200,98.65,买盘,-2.39%,-4.54
2025-03-07 15:00:00,301121,紫建电子,63.06,17800,112.25,卖盘,-2.46%,-1.55
2025-03-07 15:00:00,301121,紫建电子,63.06,11700,73.78,买盘,-2.46%,-1.55
2025-03-07 15:00:00,300757,罗博特科,189.71,7600,144.18,卖盘,-2.39%,-4.54
2025-03-07 15:00:00,300757,罗博特科,189.71,6500,123.31,买盘,-2.39%,-4.54
2025-03-07 15:00:00,300757,罗博特科,189.71,10100,191.61,买盘,-2.39%,-4.54
2025-03-07 15:00:00,300757,罗博特科,189.71,12900,244.73,买盘,-2.39%,-4.54
2025-03-07 15:00:00,300757,罗博特科,189.71,3600,68.3,卖盘,-2.39%,-4.54
2025-03-07 15:00:00,300753,爱朋医疗,21.5,77900,167.48,买盘,-1.83%,-0.39
2025-03-07 15:00:00,301095,广立微,57.48,11500,66.1,卖盘,-1.44%,-0.83
2025-03-07 15:00:00,300711,广哈通信,23.54,36100,84.98,买盘,-0.84%,-0.2
2025-03-07 15:00:00,300711,广哈通信,23.54,48600,114.4,买盘,-0.84%,-0.2
2025-03-07 15:00:00,301073,君亭酒店,21.88,24200,52.95,卖盘,1.53%,0.33
2025-03-07 15:00:00,300693,盛弘股份,36.62,26600,97.41,买盘,-1.51%,-0.55
2025-03-07 15:00:00,300680,隆盛科技,42.77,12000,51.32,买盘,3.38%,1.45
2025-03-07 15:00:00,301050,雷电微力,55.45,12900,71.53,买盘,2.50%,1.38
2025-03-07 15:00:00,301030,仕净科技,23.58,23900,56.36,卖盘,3.83%,0.9
2025-03-07 15:00:00,300680,隆盛科技,42.77,17000,72.71,卖盘,3.38%,1.45
2025-03-07 15:00:00,301030,仕净科技,23.58,25000,58.95,买盘,3.83%,0.9
2025-03-07 15:00:00,300677,英科医疗,24.74,20800,51.46,卖盘,-0.88%,-0.22
2025-03-07 15:00:00,300671,富满微,36.28,21500,78.0,买盘,-2.34%,-0.85
2025-03-07 15:00:00,300671,富满微,36.28,26800,97.23,买盘,-2.34%,-0.85
2025-03-07 15:00:00,300671,富满微,36.28,20400,74.01,买盘,-2.34%,-0.85
2025-03-07 15:00:00,301020,密封科技,20.31,36400,73.93,买盘,1.09%,0.22
2025-03-07 15:00:00,301020,密封科技,20.31,27000,54.84,买盘,1.09%,0.22
2025-03-07 15:00:00,301018,申菱环境,47.85,15400,73.69,买盘,-3.18%,-1.52
2025-03-07 15:00:00,301018,申菱环境,47.85,12200,58.38,买盘,-3.18%,-1.52
2025-03-07 15:00:00,301013,利和兴,21.11,36663,77.4,买盘,-1.58%,-0.33
2025-03-07 15:00:00,301013,利和兴,21.11,62687,132.33,买盘,-1.58%,-0.33
2025-03-07 15:00:00,301013,利和兴,21.11,37100,78.32,买盘,-1.58%,-0.33
2025-03-07 15:00:00,300984,金沃股份,77.77,11200,87.1,买盘,7.05%,5.48
2025-03-07 15:00:00,300984,金沃股份,77.77,7600,59.11,买盘,7.05%,5.48
2025-03-07 15:00:00,300657,弘信电子,44.89,33000,148.14,买盘,6.42%,2.88
2025-03-07 15:00:00,300657,弘信电子,44.89,14000,62.85,买盘,6.42%,2.88
2025-03-07 15:00:00,300657,弘信电子,44.89,30000,134.67,卖盘,6.42%,2.88
2025-03-07 15:00:00,300657,弘信电子,44.89,14600,65.54,卖盘,6.42%,2.88
2025-03-07 15:00:00,300657,弘信电子,44.89,21900,98.31,卖盘,6.42%,2.88
2025-03-07 15:00:00,300657,弘信电子,44.89,13300,59.7,买盘,6.42%,2.88
2025-03-07 15:00:00,300925,法本信息,27.26,23500,64.06,卖盘,-1.66%,-0.45
2025-03-07 15:00:00,300925,法本信息,27.26,18500,50.43,买盘,-1.66%,-0.45
2025-03-07 15:00:00,300918,南山智尚,18.31,98900,181.09,买盘,-3.17%,-0.58
2025-03-07 15:00:00,300918,南山智尚,18.31,56700,103.82,买盘,-3.17%,-0.58
2025-03-07 15:00:00,300904,威力传动,53.69,9400,50.47,买盘,-2.26%,-1.21
2025-03-07 15:00:00,300898,熊猫乳品,27.13,18800,51.0,买盘,-1.24%,-0.34
2025-03-07 15:00:00,300863,卡倍亿,46.24,13100,60.57,卖盘,6.18%,2.86
2025-03-07 15:00:00,300846,首都在线,28.27,20000,56.54,买盘,-3.19%,-0.9
2025-03-07 15:00:00,300846,首都在线,28.27,24700,69.83,买盘,-3.19%,-0.9
2025-03-07 15:00:00,300846,首都在线,28.27,21300,60.22,卖盘,-3.19%,-0.9
2025-03-07 15:00:00,300846,首都在线,28.27,29200,82.55,买盘,-3.19%,-0.9
2025-03-07 15:00:00,300846,首都在线,28.27,25000,70.68,卖盘,-3.19%,-0.9
2025-03-07 15:00:00,300846,首都在线,28.27,96700,273.37,买盘,-3.19%,-0.9
2025-03-07 15:00:00,300846,首都在线,28.27,52600,148.7,买盘,-3.19%,-0.9
2025-03-07 15:00:00,300846,首都在线,28.27,31400,88.77,卖盘,-3.19%,-0.9
2025-03-07 15:00:00,300580,贝斯特,36.72,26000,95.47,买盘,4.32%,1.59
2025-03-07 15:00:00,300580,贝斯特,36.72,22400,82.25,买盘,4.32%,1.59
2025-03-07 15:00:00,300846,首都在线,28.27,30900,87.35,买盘,-3.19%,-0.9
2025-03-07 15:00:00,300580,贝斯特,36.72,14300,52.51,卖盘,4.32%,1.59
2025-03-07 15:00:00,300846,首都在线,28.27,19200,54.28,买盘,-3.19%,-0.9
2025-03-07 15:00:00,300846,首都在线,28.27,20400,57.67,买盘,-3.19%,-0.9
2025-03-07 15:00:00,300579,数字认证,31.65,15800,50.01,买盘,-3.12%,-0.99
2025-03-07 15:00:00,300579,数字认证,31.65,22000,69.63,买盘,-3.12%,-0.99
2025-03-07 15:00:00,300567,精测电子,67.88,12400,84.17,卖盘,0.21%,0.14
2025-03-07 15:00:00,300825,阿尔特,13.43,47000,63.12,买盘,-0.81%,-0.11
2025-03-07 15:00:00,300825,阿尔特,13.43,66400,89.18,买盘,-0.81%,-0.11
2025-03-07 15:00:00,300822,贝仕达克,22.35,29800,66.6,买盘,-1.19%,-0.27
2025-03-07 15:00:00,300819,聚杰微纤,21.32,24800,52.87,卖盘,10.01%,2.13
2025-03-07 15:00:00,300548,博创科技,43.5,13000,56.55,买盘,-2.62%,-1.14
2025-03-07 15:00:00,300548,博创科技,43.5,19400,84.39,买盘,-2.62%,-1.14
2025-03-07 15:00:00,300548,博创科技,43.5,12800,55.68,买盘,-2.62%,-1.14
2025-03-07 15:00:00,300548,博创科技,43.5,14600,63.51,买盘,-2.62%,-1.14
2025-03-07 15:00:00,300548,博创科技,43.5,15600,67.86,买盘,-2.62%,-1.14
2025-03-07 15:00:00,300548,博创科技,43.5,23700,103.1,卖盘,-2.62%,-1.14
2025-03-07 15:00:00,300548,博创科技,43.5,37800,164.43,买盘,-2.62%,-1.14
2025-03-07 15:00:00,300548,博创科技,43.5,54400,236.64,买盘,-2.62%,-1.14
2025-03-07 15:00:00,300547,川环科技,36.95,50700,187.34,买盘,-1.36%,-0.5
2025-03-07 15:00:00,300792,壹网壹创,27.47,98200,269.76,买盘,-2.48%,-0.68
2025-03-07 15:00:00,300547,川环科技,36.95,35800,132.28,买盘,-1.36%,-0.5
2025-03-07 15:00:00,300547,川环科技,36.95,16200,59.86,卖盘,-1.36%,-0.5
2025-03-07 15:00:00,300547,川环科技,36.95,19200,70.94,买盘,-1.36%,-0.5
2025-03-07 15:00:00,300547,川环科技,36.95,30700,113.44,买盘,-1.36%,-0.5
2025-03-07 15:00:00,300786,国林科技,15.16,33500,50.79,卖盘,-1.04%,-0.16
2025-03-07 15:00:00,300786,国林科技,15.16,34200,51.85,卖盘,-1.04%,-0.16
2025-03-07 15:00:00,300543,朗科智能,14.85,39000,57.92,卖盘,-0.34%,-0.05
2025-03-07 15:00:00,300775,三角防务,24.6,32800,80.69,买盘,4.77%,1.17
2025-03-07 15:00:00,300775,三角防务,24.6,102100,251.17,买盘,4.77%,1.17
2025-03-07 15:00:00,300775,三角防务,24.6,108700,267.4,买盘,4.77%,1.17
2025-03-07 15:00:00,300775,三角防务,24.6,23100,56.83,买盘,4.77%,1.17
2025-03-07 15:00:00,300775,三角防务,24.6,25500,62.73,买盘,4.77%,1.17
2025-03-07 15:00:00,300543,朗科智能,14.85,67200,99.79,买盘,-0.34%,-0.05
2025-03-07 15:00:00,300766,每日互动,50.5,16400,82.82,买盘,-6.98%,-3.53
2025-03-07 15:00:00,300766,每日互动,50.5,47200,238.36,卖盘,-6.98%,-3.53
2025-03-07 15:00:00,300523,辰安科技,26.33,30700,80.83,买盘,3.29%,0.87
2025-03-07 15:00:00,300766,每日互动,50.5,15900,80.3,买盘,-6.98%,-3.53
2025-03-07 15:00:00,300766,每日互动,50.5,16200,81.81,卖盘,-6.98%,-3.53
2025-03-07 15:00:00,300766,每日互动,50.5,11400,57.57,卖盘,-6.98%,-3.53
2025-03-07 15:00:00,300766,每日互动,50.5,13000,65.65,卖盘,-6.98%,-3.53
2025-03-07 15:00:00,300766,每日互动,50.5,23900,120.7,卖盘,-6.98%,-3.53
2025-03-07 15:00:00,300766,每日互动,50.5,69400,350.47,卖盘,-6.98%,-3.53
2025-03-07 15:00:00,300766,每日互动,50.5,15000,75.75,卖盘,-6.98%,-3.53
2025-03-07 15:00:00,300766,每日互动,50.5,40000,202.0,买盘,-6.98%,-3.53
2025-03-07 15:00:00,300507,苏奥传感,8.14,108400,88.24,卖盘,0.12%,0.01
2025-03-07 15:00:00,300766,每日互动,50.5,10000,50.5,买盘,-6.98%,-3.53
2025-03-07 15:00:00,300766,每日互动,50.5,25000,126.25,卖盘,-6.98%,-3.53
2025-03-07 15:00:00,300502,新易盛,92.87,6300,58.51,买盘,-2.59%,-2.41
2025-03-07 15:00:00,300502,新易盛,92.87,28500,264.68,卖盘,-2.59%,-2.41
2025-03-07 15:00:00,300766,每日互动,50.5,10000,50.5,卖盘,-6.98%,-3.53
2025-03-07 15:00:00,300766,每日互动,50.5,30400,153.52,卖盘,-6.98%,-3.53
2025-03-07 15:00:00,300766,每日互动,50.5,20000,101.0,买盘,-6.98%,-3.53
2025-03-07 15:00:00,300766,每日互动,50.5,18500,93.42,卖盘,-6.98%,-3.53
2025-03-07 15:00:00,300766,每日互动,50.5,10000,50.5,买盘,-6.98%,-3.53
2025-03-07 15:00:00,300502,新易盛,92.87,16700,155.09,卖盘,-2.59%,-2.41
2025-03-07 15:00:00,300766,每日互动,50.5,10000,50.5,买盘,-6.98%,-3.53
2025-03-07 15:00:00,300502,新易盛,92.87,9700,90.08,卖盘,-2.59%,-2.41
2025-03-07 15:00:00,300502,新易盛,92.87,13300,123.52,卖盘,-2.59%,-2.41
2025-03-07 15:00:00,300502,新易盛,92.87,6000,55.72,买盘,-2.59%,-2.41
2025-03-07 15:00:00,300502,新易盛,92.87,5600,52.01,卖盘,-2.59%,-2.41
2025-03-07 15:00:00,300766,每日互动,50.5,13000,65.65,买盘,-6.98%,-3.53
2025-03-07 15:00:00,300766,每日互动,50.5,13800,69.69,买盘,-6.98%,-3.53
2025-03-07 15:00:00,300502,新易盛,92.87,6800,63.15,卖盘,-2.59%,-2.41
2025-03-07 15:00:00,300502,新易盛,92.87,5800,53.86,买盘,-2.59%,-2.41
2025-03-07 15:00:00,300766,每日互动,50.5,31100,157.06,买盘,-6.98%,-3.53
2025-03-07 15:00:00,300766,每日互动,50.5,15000,75.75,买盘,-6.98%,-3.53
2025-03-07 15:00:00,300762,上海瀚讯,23.97,81100,194.4,买盘,-1.11%,-0.27
2025-03-07 15:00:00,300762,上海瀚讯,23.97,25276,60.59,买盘,-1.11%,-0.27
2025-03-07 15:00:00,300762,上海瀚讯,23.97,58024,139.08,买盘,-1.11%,-0.27
2025-03-07 15:00:00,300762,上海瀚讯,23.97,41400,99.24,买盘,-1.11%,-0.27
2025-03-07 15:00:00,300762,上海瀚讯,23.97,25300,60.64,买盘,-1.11%,-0.27
2025-03-07 15:00:00,300750,宁德时代,260.76,2000,52.15,卖盘,-1.34%,-3.5
2025-03-07 15:00:00,300750,宁德时代,260.76,4000,104.3,卖盘,-1.34%,-3.5
2025-03-07 15:00:00,300750,宁德时代,260.76,6900,179.92,卖盘,-1.34%,-3.5
2025-03-07 15:00:00,300750,宁德时代,260.76,4144,108.06,卖盘,-1.34%,-3.5
2025-03-07 15:00:00,300750,宁德时代,260.76,2000,52.15,卖盘,-1.34%,-3.5
2025-03-07 15:00:00,300750,宁德时代,260.76,4944,128.92,卖盘,-1.34%,-3.5
2025-03-07 15:00:00,300750,宁德时代,260.76,3100,80.84,买盘,-1.34%,-3.5
2025-03-07 15:00:00,300750,宁德时代,260.76,2144,55.91,卖盘,-1.34%,-3.5
2025-03-07 15:00:00,300469,信息发展,33.8,28600,96.67,买盘,11.07%,3.74
2025-03-07 15:00:00,300750,宁德时代,260.76,7000,182.53,买盘,-1.34%,-3.5
2025-03-07 15:00:00,300750,宁德时代,260.76,10300,268.58,买盘,-1.34%,-3.5
2025-03-07 15:00:00,300750,宁德时代,260.76,10300,268.58,买盘,-1.34%,-3.5
2025-03-07 15:00:00,300750,宁德时代,260.76,2900,75.62,买盘,-1.34%,-3.5
2025-03-07 15:00:00,300469,信息发展,33.8,39300,132.83,买盘,11.07%,3.74
2025-03-07 15:00:00,300750,宁德时代,260.76,2000,52.15,买盘,-1.34%,-3.5
2025-03-07 15:00:00,300750,宁德时代,260.76,3600,93.87,买盘,-1.34%,-3.5
2025-03-07 15:00:00,300750,宁德时代,260.76,2749,71.68,买盘,-1.34%,-3.5
2025-03-07 15:00:00,300750,宁德时代,260.76,2400,62.58,卖盘,-1.34%,-3.5
2025-03-07 15:00:00,300750,宁德时代,260.76,4700,122.56,买盘,-1.34%,-3.5
2025-03-07 15:00:00,300750,宁德时代,260.76,3200,83.44,买盘,-1.34%,-3.5
2025-03-07 15:00:00,300750,宁德时代,260.76,5700,148.63,买盘,-1.34%,-3.5
2025-03-07 15:00:00,300750,宁德时代,260.76,14287,372.55,买盘,-1.34%,-3.5
2025-03-07 15:00:00,300469,信息发展,33.8,32936,111.32,买盘,11.07%,3.74
2025-03-07 15:00:00,300469,信息发展,33.8,79100,267.36,买盘,11.07%,3.74
2025-03-07 15:00:00,300750,宁德时代,260.76,2013,52.49,卖盘,-1.34%,-3.5
2025-03-07 15:00:00,300750,宁德时代,260.76,2200,57.37,买盘,-1.34%,-3.5
2025-03-07 15:00:00,300750,宁德时代,260.76,3013,78.57,卖盘,-1.34%,-3.5
2025-03-07 15:00:00,300750,宁德时代,260.76,6500,169.49,买盘,-1.34%,-3.5
2025-03-07 15:00:00,300750,宁德时代,260.76,6000,156.46,买盘,-1.34%,-3.5
2025-03-07 15:00:00,300750,宁德时代,260.76,2400,62.58,买盘,-1.34%,-3.5
2025-03-07 15:00:00,300469,信息发展,33.8,15100,51.04,买盘,11.07%,3.74
2025-03-07 15:00:00,300469,信息发展,33.8,20000,67.6,买盘,11.07%,3.74
2025-03-07 15:00:00,300748,金力永磁,21.82,75000,163.65,卖盘,0.32%,0.07
2025-03-07 15:00:00,300467,迅游科技,19.43,34800,67.62,卖盘,-3.57%,-0.69
2025-03-07 15:00:00,300748,金力永磁,21.82,48700,106.26,卖盘,0.32%,0.07
2025-03-07 15:00:00,300726,宏达电子,33.45,30000,100.35,买盘,3.08%,1.03
2025-03-07 15:00:00,300722,新余国科,28.12,27800,78.17,卖盘,1.15%,0.32
2025-03-07 15:00:00,300694,蠡湖股份,15.98,124800,199.43,卖盘,-4.77%,-0.76
2025-03-07 15:00:00,300694,蠡湖股份,15.98,108600,173.54,买盘,-4.77%,-0.76
2025-03-07 15:00:00,300451,创业慧康,6.69,100000,66.9,买盘,-2.62%,-0.18
2025-03-07 15:00:00,300450,先导智能,22.97,22315,51.26,卖盘,-2.09%,-0.48
2025-03-07 15:00:00,300450,先导智能,22.97,27200,62.48,卖盘,-2.09%,-0.48
2025-03-07 15:00:00,300450,先导智能,22.97,28600,65.69,买盘,-2.09%,-0.48
2025-03-07 15:00:00,300450,先导智能,22.97,22000,50.53,买盘,-2.09%,-0.48
2025-03-07 15:00:00,300681,英搏尔,38.38,79700,305.89,卖盘,2.40%,0.92
2025-03-07 15:00:00,300681,英搏尔,38.38,24200,92.88,买盘,2.40%,0.92
2025-03-07 15:00:00,300681,英搏尔,38.38,13700,52.58,卖盘,2.40%,0.92
2025-03-07 15:00:00,300678,中科信息,37.21,18000,66.98,买盘,-2.85%,-1.06
2025-03-07 15:00:00,300647,超频三,6.41,150000,96.15,卖盘,-2.58%,-0.17
2025-03-07 15:00:00,300641,正丹股份,25.02,35400,88.57,卖盘,-0.68%,-0.17
2025-03-07 15:00:00,300443,金雷股份,23.14,24000,55.54,买盘,3.07%,0.71
2025-03-07 15:00:00,300443,金雷股份,23.14,30000,69.42,卖盘,3.07%,0.71
2025-03-07 15:00:00,300409,道氏技术,17.32,90600,156.92,卖盘,-3.19%,-0.55
2025-03-07 15:00:00,300409,道氏技术,17.32,80200,138.91,卖盘,-3.19%,-0.55
2025-03-07 15:00:00,300409,道氏技术,17.32,94900,164.37,卖盘,-3.19%,-0.55
2025-03-07 15:00:00,300409,道氏技术,17.32,63200,109.46,卖盘,-3.19%,-0.55
2025-03-07 15:00:00,300409,道氏技术,17.32,105200,182.21,买盘,-3.19%,-0.55
2025-03-07 15:00:00,300409,道氏技术,17.32,120800,209.23,买盘,-3.19%,-0.55
2025-03-07 15:00:00,300409,道氏技术,17.32,155200,268.81,买盘,-3.19%,-0.55
2025-03-07 15:00:00,300409,道氏技术,17.32,48200,83.48,买盘,-3.19%,-0.55
2025-03-07 15:00:00,300409,道氏技术,17.32,48500,84.0,买盘,-3.19%,-0.55
2025-03-07 15:00:00,300622,博士眼镜,50.88,10000,50.88,卖盘,-2.71%,-1.38
2025-03-07 15:00:00,300622,博士眼镜,50.88,12100,61.56,卖盘,-2.71%,-1.38
2025-03-07 15:00:00,300620,光库科技,47.89,14900,71.36,买盘,-3.10%,-1.48
2025-03-07 15:00:00,300601,康泰生物,15.3,33200,50.8,卖盘,-2.42%,-0.37
2025-03-07 15:00:00,300590,移为通信,15.69,31900,50.05,买盘,-2.55%,-0.4
2025-03-07 15:00:00,300588,熙菱信息,15.28,40100,61.27,卖盘,-0.26%,-0.04
2025-03-07 15:00:00,300586,美联新材,8.4,99200,83.33,卖盘,-4.22%,-0.35
2025-03-07 15:00:00,300402,宝色股份,16.03,35100,56.27,买盘,1.91%,0.31
2025-03-07 15:00:00,300399,天利科技,26.04,19700,51.3,买盘,-4.05%,-1.06
2025-03-07 15:00:00,300399,天利科技,26.04,23600,61.45,买盘,-4.05%,-1.06
2025-03-07 15:00:00,300382,斯莱克,16.26,44100,71.71,买盘,-4.01%,-0.65
2025-03-07 15:00:00,300382,斯莱克,16.26,31000,50.41,卖盘,-4.01%,-0.65
2025-03-07 15:00:00,300382,斯莱克,16.26,52000,84.55,卖盘,-4.01%,-0.65
2025-03-07 15:00:00,300570,太辰光,89.4,6200,55.43,买盘,-4.04%,-3.61
2025-03-07 15:00:00,300570,太辰光,89.4,8500,75.99,买盘,-4.04%,-3.61
2025-03-07 15:00:00,300570,太辰光,89.4,8100,72.41,买盘,-4.04%,-3.61
2025-03-07 15:00:00,300570,太辰光,89.4,20000,178.8,买盘,-4.04%,-3.61
2025-03-07 15:00:00,300570,太辰光,89.4,20000,178.8,买盘,-4.04%,-3.61
2025-03-07 15:00:00,300570,太辰光,89.4,14000,125.16,买盘,-4.04%,-3.61
2025-03-07 15:00:00,300570,太辰光,89.4,8500,75.99,买盘,-4.04%,-3.61
2025-03-07 15:00:00,300570,太辰光,89.4,6200,55.43,买盘,-4.04%,-3.61
2025-03-07 15:00:00,300563,神宇股份,45.05,11100,50.01,买盘,-2.11%,-0.95
2025-03-07 15:00:00,300563,神宇股份,45.05,12300,55.41,买盘,-2.11%,-0.95
2025-03-07 15:00:00,300563,神宇股份,45.05,16100,72.53,买盘,-2.11%,-0.95
2025-03-07 15:00:00,300373,扬杰科技,47.61,47600,226.62,买盘,1.71%,0.81
2025-03-07 15:00:00,300373,扬杰科技,47.61,30500,145.21,买盘,1.71%,0.81
2025-03-07 15:00:00,300373,扬杰科技,47.61,20800,99.03,买盘,1.71%,0.81
2025-03-07 15:00:00,300373,扬杰科技,47.61,28200,134.26,买盘,1.71%,0.81
2025-03-07 15:00:00,300373,扬杰科技,47.61,13600,64.75,买盘,1.71%,0.81
2025-03-07 15:00:00,300373,扬杰科技,47.61,15800,75.22,买盘,1.71%,0.81
2025-03-07 15:00:00,300373,扬杰科技,47.61,19900,94.74,卖盘,1.71%,0.81
2025-03-07 15:00:00,300344,立方数科,11.52,190800,219.8,买盘,-7.77%,-0.89
2025-03-07 15:00:00,300520,科大国创,27.43,19700,54.04,卖盘,-3.35%,-0.92
2025-03-07 15:00:00,300503,昊志机电,29.78,44900,133.71,买盘,8.13%,2.42
2025-03-07 15:00:00,300344,立方数科,11.52,139200,160.36,买盘,-7.77%,-0.89
2025-03-07 15:00:00,300344,立方数科,11.52,90000,103.68,买盘,-7.77%,-0.89
2025-03-07 15:00:00,300344,立方数科,11.52,116700,134.44,买盘,-7.77%,-0.89
2025-03-07 15:00:00,300344,立方数科,11.52,49600,57.14,买盘,-7.77%,-0.89
2025-03-07 15:00:00,300344,立方数科,11.52,243900,280.97,卖盘,-7.77%,-0.89
2025-03-07 15:00:00,300344,立方数科,11.52,111000,127.87,买盘,-7.77%,-0.89
2025-03-07 15:00:00,300344,立方数科,11.52,174140,200.61,买盘,-7.77%,-0.89
2025-03-07 15:00:00,300344,立方数科,11.52,73400,84.56,卖盘,-7.77%,-0.89
2025-03-07 15:00:00,300344,立方数科,11.52,192000,221.18,买盘,-7.77%,-0.89
2025-03-07 15:00:00,300344,立方数科,11.52,231100,266.23,买盘,-7.77%,-0.89
2025-03-07 15:00:00,300344,立方数科,11.52,118860,136.93,买盘,-7.77%,-0.89
2025-03-07 15:00:00,300344,立方数科,11.52,116100,133.75,卖盘,-7.77%,-0.89
2025-03-07 15:00:00,300344,立方数科,11.52,68540,78.96,卖盘,-7.77%,-0.89
2025-03-07 15:00:00,300344,立方数科,11.52,123000,141.7,买盘,-7.77%,-0.89
2025-03-07 15:00:00,300344,立方数科,11.52,80500,92.74,买盘,-7.77%,-0.89
2025-03-07 15:00:00,300344,立方数科,11.52,70900,81.68,买盘,-7.77%,-0.89
2025-03-07 15:00:00,300344,立方数科,11.52,262760,302.7,卖盘,-7.77%,-0.89
2025-03-07 15:00:00,300344,立方数科,11.52,268600,309.43,卖盘,-7.77%,-0.89
2025-03-07 15:00:00,300344,立方数科,11.52,93300,107.48,卖盘,-7.77%,-0.89
2025-03-07 15:00:00,300344,立方数科,11.52,114900,132.36,卖盘,-7.77%,-0.89
2025-03-07 15:00:00,300344,立方数科,11.52,156740,180.56,卖盘,-7.77%,-0.89
2025-03-07 15:00:00,300488,恒锋工具,45.81,11745,53.8,卖盘,0.33%,0.15
2025-03-07 15:00:00,300488,恒锋工具,45.81,12755,58.43,卖盘,0.33%,0.15
2025-03-07 15:00:00,300486,东杰智能,7.74,104200,80.65,买盘,-1.90%,-0.15
2025-03-07 15:00:00,300486,东杰智能,7.74,93100,72.06,买盘,-1.90%,-0.15
2025-03-07 15:00:00,300486,东杰智能,7.74,157700,122.06,买盘,-1.90%,-0.15
2025-03-07 15:00:00,300476,胜宏科技,59.55,49805,296.59,买盘,2.30%,1.37
2025-03-07 15:00:00,300344,立方数科,11.52,63100,72.69,买盘,-7.77%,-0.89
2025-03-07 15:00:00,300344,立方数科,11.52,60200,69.35,买盘,-7.77%,-0.89
2025-03-07 15:00:00,300339,润和软件,58.0,27000,156.6,卖盘,-2.99%,-1.74
2025-03-07 15:00:00,300339,润和软件,58.0,10700,62.06,卖盘,-2.99%,-1.74
2025-03-07 15:00:00,300339,润和软件,58.0,13300,77.14,买盘,-2.99%,-1.74
2025-03-07 15:00:00,300476,胜宏科技,59.55,10495,62.5,卖盘,2.30%,1.37
2025-03-07 15:00:00,300476,胜宏科技,59.55,9100,54.19,买盘,2.30%,1.37
2025-03-07 15:00:00,300476,胜宏科技,59.55,36700,218.55,卖盘,2.30%,1.37
2025-03-07 15:00:00,300476,胜宏科技,59.55,24200,144.11,卖盘,2.30%,1.37
2025-03-07 15:00:00,300476,胜宏科技,59.55,79400,472.83,买盘,2.30%,1.37
2025-03-07 15:00:00,300475,香农芯创,40.6,24700,100.28,买盘,8.27%,3.36
2025-03-07 15:00:00,300475,香农芯创,40.6,17300,70.24,买盘,8.27%,3.36
2025-03-07 15:00:00,300475,香农芯创,40.6,14400,58.46,卖盘,8.27%,3.36
2025-03-07 15:00:00,300475,香农芯创,40.6,14900,60.49,买盘,8.27%,3.36
2025-03-07 15:00:00,300475,香农芯创,40.6,46500,188.79,买盘,8.27%,3.36
2025-03-07 15:00:00,300475,香农芯创,40.6,65300,265.12,买盘,8.27%,3.36
2025-03-07 15:00:00,300475,香农芯创,40.6,19200,77.95,买盘,8.27%,3.36
2025-03-07 15:00:00,300475,香农芯创,40.6,64900,263.49,买盘,8.27%,3.36
2025-03-07 15:00:00,300473,德尔股份,31.03,20000,62.06,卖盘,-8.28%,-2.57
2025-03-07 15:00:00,300339,润和软件,58.0,10200,59.16,买盘,-2.99%,-1.74
2025-03-07 15:00:00,300339,润和软件,58.0,8700,50.46,买盘,-2.99%,-1.74
2025-03-07 15:00:00,300339,润和软件,58.0,45700,265.06,买盘,-2.99%,-1.74
2025-03-07 15:00:00,300339,润和软件,58.0,45700,265.06,买盘,-2.99%,-1.74
2025-03-07 15:00:00,300337,银邦股份,13.9,76200,105.92,卖盘,0.80%,0.11
2025-03-07 15:00:00,300337,银邦股份,13.9,85378,118.68,买盘,0.80%,0.11
2025-03-07 15:00:00,300337,银邦股份,13.9,38000,52.82,买盘,0.80%,0.11
2025-03-07 15:00:00,300337,银邦股份,13.9,97800,135.94,买盘,0.80%,0.11
2025-03-07 15:00:00,300465,高伟达,17.42,81000,141.1,买盘,-3.65%,-0.64
2025-03-07 15:00:00,300447,全信股份,14.99,48800,73.15,买盘,5.12%,0.77
2025-03-07 15:00:00,300447,全信股份,14.99,41200,61.76,买盘,5.12%,0.77
2025-03-07 15:00:00,300442,润泽科技,65.99,9400,62.03,买盘,-3.31%,-2.18
2025-03-07 15:00:00,300442,润泽科技,65.99,38400,253.4,买盘,-3.31%,-2.18
2025-03-07 15:00:00,300442,润泽科技,65.99,38600,254.72,买盘,-3.31%,-2.18
2025-03-07 15:00:00,300442,润泽科技,65.99,40800,269.24,买盘,-3.31%,-2.18
2025-03-07 15:00:00,300442,润泽科技,65.99,10800,71.27,买盘,-3.31%,-2.18
2025-03-07 15:00:00,300442,润泽科技,65.99,24100,159.04,买盘,-3.31%,-2.18
2025-03-07 15:00:00,300442,润泽科技,65.99,40800,269.24,买盘,-3.31%,-2.18
2025-03-07 15:00:00,300442,润泽科技,65.99,9700,64.01,买盘,-3.31%,-2.18
2025-03-07 15:00:00,300442,润泽科技,65.99,30100,198.63,买盘,-3.31%,-2.18
2025-03-07 15:00:00,300337,银邦股份,13.9,56300,78.26,买盘,0.80%,0.11
2025-03-07 15:00:00,300296,利亚德,7.39,86500,63.92,买盘,-3.02%,-0.22
2025-03-07 15:00:00,300296,利亚德,7.39,120000,88.68,买盘,-3.02%,-0.22
2025-03-07 15:00:00,300442,润泽科技,65.99,28200,186.09,买盘,-3.31%,-2.18
2025-03-07 15:00:00,300442,润泽科技,65.99,13400,88.43,买盘,-3.31%,-2.18
2025-03-07 15:00:00,300442,润泽科技,65.99,8000,52.79,买盘,-3.31%,-2.18
2025-03-07 15:00:00,300442,润泽科技,65.99,9700,64.01,买盘,-3.31%,-2.18
2025-03-07 15:00:00,300438,鹏辉能源,29.8,19400,57.81,卖盘,-3.21%,-0.96
2025-03-07 15:00:00,300438,鹏辉能源,29.8,30300,90.29,买盘,-3.21%,-0.96
2025-03-07 15:00:00,300438,鹏辉能源,29.8,30000,89.4,卖盘,-3.21%,-0.96
2025-03-07 15:00:00,300434,金石亚药,8.58,69800,59.89,卖盘,-1.61%,-0.14
2025-03-07 15:00:00,300433,蓝思科技,29.02,30000,87.06,卖盘,1.61%,0.47
2025-03-07 15:00:00,300296,利亚德,7.39,100000,73.9,卖盘,-3.02%,-0.22
2025-03-07 15:00:00,300296,利亚德,7.39,100000,73.9,卖盘,-3.02%,-0.22
2025-03-07 15:00:00,300296,利亚德,7.39,80000,59.12,卖盘,-3.02%,-0.22
2025-03-07 15:00:00,300290,荣科科技,20.3,77100,156.51,买盘,-1.79%,-0.36
2025-03-07 15:00:00,300433,蓝思科技,29.02,44900,130.3,买盘,1.61%,0.47
2025-03-07 15:00:00,300433,蓝思科技,29.02,19200,55.72,卖盘,1.61%,0.47
2025-03-07 15:00:00,300433,蓝思科技,29.02,21100,61.23,卖盘,1.61%,0.47
2025-03-07 15:00:00,300433,蓝思科技,29.02,118000,342.44,卖盘,1.61%,0.47
2025-03-07 15:00:00,300433,蓝思科技,29.02,23000,66.75,卖盘,1.61%,0.47
2025-03-07 15:00:00,300433,蓝思科技,29.02,45100,130.88,卖盘,1.61%,0.47
2025-03-07 15:00:00,300433,蓝思科技,29.02,31800,92.28,买盘,1.61%,0.47
2025-03-07 15:00:00,300433,蓝思科技,29.02,44200,128.27,卖盘,1.61%,0.47
2025-03-07 15:00:00,300433,蓝思科技,29.02,23400,67.91,买盘,1.61%,0.47
2025-03-07 15:00:00,300433,蓝思科技,29.02,20000,58.04,买盘,1.61%,0.47
2025-03-07 15:00:00,300433,蓝思科技,29.02,67800,196.76,买盘,1.61%,0.47
2025-03-07 15:00:00,300433,蓝思科技,29.02,19400,56.3,买盘,1.61%,0.47
2025-03-07 15:00:00,300428,立中集团,21.16,27500,58.19,卖盘,0.24%,0.05
2025-03-07 15:00:00,300428,立中集团,21.16,30000,63.48,买盘,0.24%,0.05
2025-03-07 15:00:00,300428,立中集团,21.16,35800,75.75,卖盘,0.24%,0.05
2025-03-07 15:00:00,300428,立中集团,21.16,94900,200.81,卖盘,0.24%,0.05
2025-03-07 15:00:00,300428,立中集团,21.16,24400,51.63,卖盘,0.24%,0.05
2025-03-07 15:00:00,300418,昆仑万维,39.92,13300,53.09,卖盘,1.17%,0.47
2025-03-07 15:00:00,300418,昆仑万维,39.92,20000,79.84,卖盘,1.17%,0.47
2025-03-07 15:00:00,300418,昆仑万维,39.92,20000,79.84,卖盘,1.17%,0.47
2025-03-07 15:00:00,300418,昆仑万维,39.92,18800,75.05,买盘,1.17%,0.47
2025-03-07 15:00:00,300418,昆仑万维,39.92,79500,317.36,卖盘,1.17%,0.47
2025-03-07 15:00:00,300288,朗玛信息,17.41,59300,103.24,买盘,-2.74%,-0.48
2025-03-07 15:00:00,300270,中威电子,8.37,70000,58.59,卖盘,0.36%,0.03
2025-03-07 15:00:00,300403,汉宇集团,18.82,40700,76.6,卖盘,-3.04%,-0.57
2025-03-07 15:00:00,300403,汉宇集团,18.82,39900,75.09,卖盘,-3.04%,-0.57
2025-03-07 15:00:00,300403,汉宇集团,18.82,71800,135.13,卖盘,-3.04%,-0.57
2025-03-07 15:00:00,300397,天和防务,12.38,41100,50.88,卖盘,-0.48%,-0.06
2025-03-07 15:00:00,300397,天和防务,12.38,40900,50.63,卖盘,-0.48%,-0.06
2025-03-07 15:00:00,300394,天孚通信,88.39,18707,165.35,卖盘,-2.98%,-2.64
2025-03-07 15:00:00,300394,天孚通信,88.39,6000,53.03,卖盘,-2.98%,-2.64
2025-03-07 15:00:00,301536,星宸科技,75.98,7100,53.95,买盘,-1.67%,-1.27
2025-03-07 15:00:00,300260,新莱应材,27.73,255100,707.39,买盘,11.99%,3.33
2025-03-07 15:00:00,300260,新莱应材,27.73,18100,50.19,卖盘,11.99%,3.33
2025-03-07 15:00:00,300260,新莱应材,27.73,30300,84.02,买盘,11.99%,3.33
2025-03-07 15:00:00,300260,新莱应材,27.73,21600,59.9,买盘,11.99%,3.33
2025-03-07 15:00:00,300260,新莱应材,27.73,60800,168.6,买盘,11.99%,3.33
2025-03-07 15:00:00,300394,天孚通信,88.39,7500,66.29,卖盘,-2.98%,-2.64
2025-03-07 15:00:00,300391,长药控股,6.14,285700,175.42,买盘,5.86%,0.36
2025-03-07 15:00:00,300391,长药控股,6.14,141100,86.64,买盘,5.86%,0.36
2025-03-07 15:00:00,300379,东方通,18.69,97800,182.79,买盘,-3.06%,-0.57
2025-03-07 15:00:00,300379,东方通,18.69,59500,111.21,买盘,-3.06%,-0.57
2025-03-07 15:00:00,300379,东方通,18.69,35200,65.79,买盘,-3.06%,-0.57
2025-03-07 15:00:00,300379,东方通,18.69,36900,68.97,买盘,-3.06%,-0.57
2025-03-07 15:00:00,300379,东方通,18.69,60100,112.33,买盘,-3.06%,-0.57
2025-03-07 15:00:00,300379,东方通,18.69,36100,67.47,买盘,-3.06%,-0.57
2025-03-07 15:00:00,301458,钧崴电子,37.02,26000,96.25,买盘,1.01%,0.37
2025-03-07 15:00:00,301446,福事特,22.33,22400,50.02,买盘,-3.17%,-0.71
2025-03-07 15:00:00,300379,东方通,18.69,45800,85.6,买盘,-3.06%,-0.57
2025-03-07 15:00:00,300379,东方通,18.69,92900,173.63,买盘,-3.06%,-0.57
2025-03-07 15:00:00,300379,东方通,18.69,142700,266.71,买盘,-3.06%,-0.57
2025-03-07 15:00:00,300379,东方通,18.69,63300,118.31,买盘,-3.06%,-0.57
2025-03-07 15:00:00,300374,中铁装配,17.31,50000,86.55,买盘,-3.46%,-0.6
2025-03-07 15:00:00,300366,创意信息,11.02,76600,84.41,买盘,-1.43%,-0.16
2025-03-07 15:00:00,300366,创意信息,11.02,78300,86.29,卖盘,-1.43%,-0.16
2025-03-07 15:00:00,300358,楚天科技,7.91,249500,197.35,买盘,0.64%,0.05
2025-03-07 15:00:00,300253,卫宁健康,12.57,86000,108.1,卖盘,-1.49%,-0.19
2025-03-07 15:00:00,300253,卫宁健康,12.57,44600,56.06,卖盘,-1.49%,-0.19
2025-03-07 15:00:00,300253,卫宁健康,12.57,44300,55.69,卖盘,-1.49%,-0.19
2025-03-07 15:00:00,300253,卫宁健康,12.57,60600,76.17,卖盘,-1.49%,-0.19
2025-03-07 15:00:00,300253,卫宁健康,12.57,105800,132.99,卖盘,-1.49%,-0.19
2025-03-07 15:00:00,300253,卫宁健康,12.57,80500,101.19,卖盘,-1.49%,-0.19
2025-03-07 15:00:00,300253,卫宁健康,12.57,80500,101.19,卖盘,-1.49%,-0.19
2025-03-07 15:00:00,300253,卫宁健康,12.57,40000,50.28,卖盘,-1.49%,-0.19
2025-03-07 15:00:00,300253,卫宁健康,12.57,218600,274.78,卖盘,-1.49%,-0.19
2025-03-07 15:00:00,301382,蜂助手,60.24,13130,79.1,卖盘,-4.43%,-2.67
2025-03-07 15:00:00,301382,蜂助手,60.24,9540,57.47,卖盘,-4.43%,-2.67
2025-03-07 15:00:00,301382,蜂助手,60.24,67500,406.62,买盘,-4.43%,-2.67
2025-03-07 15:00:00,301382,蜂助手,60.24,92500,557.22,买盘,-4.43%,-2.67
2025-03-07 15:00:00,301382,蜂助手,60.24,11700,70.48,卖盘,-4.43%,-2.67
2025-03-07 15:00:00,301382,蜂助手,60.24,13100,78.91,卖盘,-4.43%,-2.67
2025-03-07 15:00:00,301382,蜂助手,60.24,11900,71.69,买盘,-4.43%,-2.67
2025-03-07 15:00:00,301382,蜂助手,60.24,10600,63.85,卖盘,-4.43%,-2.67
2025-03-07 15:00:00,301382,蜂助手,60.24,15100,90.96,卖盘,-4.43%,-2.67
2025-03-07 15:00:00,301382,蜂助手,60.24,9300,56.02,卖盘,-4.43%,-2.67
2025-03-07 15:00:00,300346,南大光电,38.8,29300,113.68,买盘,-1.42%,-0.55
2025-03-07 15:00:00,300346,南大光电,38.8,25000,97.0,买盘,-1.42%,-0.55
2025-03-07 15:00:00,300342,天银机电,19.07,92800,176.97,买盘,-1.29%,-0.25
2025-03-07 15:00:00,300342,天银机电,19.07,29100,55.49,买盘,-1.29%,-0.25
2025-03-07 15:00:00,300342,天银机电,19.07,60400,115.18,卖盘,-1.29%,-0.25
2025-03-07 15:00:00,300328,宜安科技,13.88,94200,130.75,买盘,3.58%,0.5
2025-03-07 15:00:00,300328,宜安科技,13.88,87892,121.99,卖盘,3.58%,0.5
2025-03-07 15:00:00,300328,宜安科技,13.88,50000,69.4,卖盘,3.58%,0.5
2025-03-07 15:00:00,300328,宜安科技,13.88,43400,60.24,买盘,3.58%,0.5
2025-03-07 15:00:00,300328,宜安科技,13.88,36700,50.94,买盘,3.58%,0.5
2025-03-07 15:00:00,300328,宜安科技,13.88,63192,87.71,卖盘,3.58%,0.5
2025-03-07 15:00:00,300328,宜安科技,13.88,47292,65.64,卖盘,3.58%,0.5
2025-03-07 15:00:00,300328,宜安科技,13.88,38608,53.59,卖盘,3.58%,0.5
2025-03-07 15:00:00,300328,宜安科技,13.88,36492,50.65,卖盘,3.58%,0.5
2025-03-07 15:00:00,300328,宜安科技,13.88,89700,124.5,买盘,3.58%,0.5
2025-03-07 15:00:00,300328,宜安科技,13.88,116600,161.84,卖盘,3.58%,0.5
2025-03-07 15:00:00,301382,蜂助手,60.24,13500,81.32,买盘,-4.43%,-2.67
2025-03-07 15:00:00,301382,蜂助手,60.24,10000,60.24,卖盘,-4.43%,-2.67
2025-03-07 15:00:00,301382,蜂助手,60.24,10000,60.24,卖盘,-4.43%,-2.67
2025-03-07 15:00:00,301382,蜂助手,60.24,11300,68.07,买盘,-4.43%,-2.67
2025-03-07 15:00:00,301382,蜂助手,60.24,10000,60.24,卖盘,-4.43%,-2.67
2025-03-07 15:00:00,301382,蜂助手,60.24,8800,53.01,买盘,-4.43%,-2.67
2025-03-07 15:00:00,301382,蜂助手,60.24,15000,90.36,卖盘,-4.43%,-2.67
2025-03-07 15:00:00,301382,蜂助手,60.24,33000,198.79,卖盘,-4.43%,-2.67
2025-03-07 15:00:00,301382,蜂助手,60.24,22500,135.54,买盘,-4.43%,-2.67
2025-03-07 15:00:00,301382,蜂助手,60.24,44000,265.06,买盘,-4.43%,-2.67
2025-03-07 15:00:00,301382,蜂助手,60.24,29400,177.11,买盘,-4.43%,-2.67
2025-03-07 15:00:00,301382,蜂助手,60.24,44000,265.06,买盘,-4.43%,-2.67
2025-03-07 15:00:00,301382,蜂助手,60.24,38000,228.91,买盘,-4.43%,-2.67
2025-03-07 15:00:00,301382,蜂助手,60.24,11600,69.88,买盘,-4.43%,-2.67
2025-03-07 15:00:00,301382,蜂助手,60.24,19100,115.06,买盘,-4.43%,-2.67
2025-03-07 15:00:00,300253,卫宁健康,12.57,106500,133.87,卖盘,-1.49%,-0.19
2025-03-07 15:00:00,301382,蜂助手,60.24,44000,265.06,买盘,-4.43%,-2.67
2025-03-07 15:00:00,301382,蜂助手,60.24,20600,124.09,买盘,-4.43%,-2.67
2025-03-07 15:00:00,300328,宜安科技,13.88,48300,67.04,买盘,3.58%,0.5
2025-03-07 15:00:00,300320,海达股份,10.4,53800,55.95,买盘,3.07%,0.32
2025-03-07 15:00:00,300252,金信诺,11.3,93600,105.77,买盘,-2.50%,-0.28
2025-03-07 15:00:00,301366,一博科技,65.65,28900,189.73,买盘,-6.59%,-4.33
2025-03-07 15:00:00,300252,金信诺,11.3,69000,77.97,卖盘,-2.50%,-0.28
2025-03-07 15:00:00,300286,安科瑞,24.7,21600,53.35,买盘,-3.14%,-0.77
2025-03-07 15:00:00,300280,紫天科技,11.6,50000,58.0,卖盘,4.98%,0.58
2025-03-07 15:00:00,300280,紫天科技,11.6,93700,108.69,卖盘,4.98%,0.58
2025-03-07 15:00:00,300275,梅安森,17.61,102100,179.8,买盘,-7.17%,-1.26
2025-03-07 15:00:00,300275,梅安森,17.61,50000,88.05,买盘,-7.17%,-1.26
2025-03-07 15:00:00,300271,华宇软件,9.08,55700,50.58,卖盘,-1.94%,-0.18
2025-03-07 15:00:00,301320,豪江智能,18.5,50600,93.61,卖盘,6.94%,1.28
2025-03-07 15:00:00,300232,洲明科技,8.6,80900,69.57,买盘,-1.94%,-0.17
2025-03-07 15:00:00,300255,常山药业,20.38,151600,308.96,卖盘,-3.69%,-0.75
2025-03-07 15:00:00,300255,常山药业,20.38,59300,120.85,卖盘,-3.69%,-0.75
2025-03-07 15:00:00,300255,常山药业,20.38,77300,157.54,买盘,-3.69%,-0.75
2025-03-07 15:00:00,300245,天玑科技,22.26,111300,247.75,买盘,-10.02%,-2.23
2025-03-07 15:00:00,300245,天玑科技,22.26,300000,667.8,买盘,-10.02%,-2.23
2025-03-07 15:00:00,300245,天玑科技,22.26,106300,236.62,买盘,-10.02%,-2.23
2025-03-07 15:00:00,300245,天玑科技,22.26,22500,50.08,买盘,-10.02%,-2.23
2025-03-07 15:00:00,300245,天玑科技,22.26,24900,55.43,买盘,-10.02%,-2.23
2025-03-07 15:00:00,300245,天玑科技,22.26,24000,53.42,买盘,-10.02%,-2.23
2025-03-07 15:00:00,300245,天玑科技,22.26,69500,154.71,买盘,-10.02%,-2.23
2025-03-07 15:00:00,300245,天玑科技,22.26,119100,265.12,买盘,-10.02%,-2.23
2025-03-07 15:00:00,300245,天玑科技,22.26,114000,253.76,买盘,-10.02%,-2.23
2025-03-07 15:00:00,300245,天玑科技,22.26,59300,132.0,买盘,-10.02%,-2.23
2025-03-07 15:00:00,300245,天玑科技,22.26,119100,265.12,买盘,-10.02%,-2.23
2025-03-07 15:00:00,301315,威士顿,61.77,9100,56.21,卖盘,-1.33%,-0.82
2025-03-07 15:00:00,301302,华如科技,26.3,31900,83.9,买盘,-0.23%,-0.06
2025-03-07 15:00:00,301302,华如科技,26.3,28800,75.74,买盘,-0.23%,-0.06
2025-03-07 15:00:00,301302,华如科技,26.3,21800,57.33,买盘,-0.23%,-0.06
2025-03-07 15:00:00,300231,银信科技,13.59,36900,50.15,买盘,-3.75%,-0.51
2025-03-07 15:00:00,300231,银信科技,13.59,40800,55.45,买盘,-3.75%,-0.51
2025-03-07 15:00:00,300230,永利股份,5.03,171400,86.21,买盘,4.14%,0.21
2025-03-07 15:00:00,300240,飞力达,6.5,96800,62.92,买盘,-1.96%,-0.13
2025-03-07 15:00:00,300229,拓尔思,25.62,60000,153.72,买盘,-2.29%,-0.59
2025-03-07 15:00:00,300229,拓尔思,25.62,300000,768.6,买盘,-2.29%,-0.59
2025-03-07 15:00:00,300229,拓尔思,25.62,22700,58.16,买盘,-2.29%,-0.59
2025-03-07 15:00:00,300229,拓尔思,25.62,20600,52.78,卖盘,-2.29%,-0.59
2025-03-07 15:00:00,300229,拓尔思,25.62,21600,55.34,买盘,-2.29%,-0.59
2025-03-07 15:00:00,300229,拓尔思,25.62,28300,72.5,买盘,-2.29%,-0.59
2025-03-07 15:00:00,300229,拓尔思,25.62,28500,73.02,买盘,-2.29%,-0.59
2025-03-07 15:00:00,300229,拓尔思,25.62,103500,265.17,买盘,-2.29%,-0.59
2025-03-07 15:00:00,300223,北京君正,85.77,23487,201.45,卖盘,-1.86%,-1.6
2025-03-07 15:00:00,300223,北京君正,85.77,37900,325.07,卖盘,-1.86%,-1.6
2025-03-07 15:00:00,300223,北京君正,85.77,10700,91.77,卖盘,-1.86%,-1.6
2025-03-07 15:00:00,300223,北京君正,85.77,9600,82.34,卖盘,-1.86%,-1.6
2025-03-07 15:00:00,300223,北京君正,85.77,15300,131.23,卖盘,-1.86%,-1.6
2025-03-07 15:00:00,300223,北京君正,85.77,13813,118.47,卖盘,-1.86%,-1.6
2025-03-07 15:00:00,301299,卓创资讯,71.13,7900,56.19,买盘,-2.58%,-1.83
2025-03-07 15:00:00,301285,鸿日达,34.75,16400,56.99,卖盘,-0.71%,-0.25
2025-03-07 15:00:00,300223,北京君正,85.77,15300,131.23,卖盘,-1.86%,-1.6
2025-03-07 15:00:00,300223,北京君正,85.77,15300,131.23,卖盘,-1.86%,-1.6
2025-03-07 15:00:00,300223,北京君正,85.77,15300,131.23,卖盘,-1.86%,-1.6
2025-03-07 15:00:00,300223,北京君正,85.77,15300,131.23,卖盘,-1.86%,-1.6
2025-03-07 15:00:00,300223,北京君正,85.77,15300,131.23,卖盘,-1.86%,-1.6
2025-03-07 15:00:00,300223,北京君正,85.77,8800,75.48,卖盘,-1.86%,-1.6
2025-03-07 15:00:00,300223,北京君正,85.77,7300,62.61,买盘,-1.86%,-1.6
2025-03-07 15:00:00,300213,佳讯飞鸿,9.71,229500,222.84,买盘,-4.52%,-0.44
2025-03-07 15:00:00,300213,佳讯飞鸿,9.71,59600,57.87,卖盘,-4.52%,-0.44
2025-03-07 15:00:00,300213,佳讯飞鸿,9.71,112200,108.95,买盘,-4.52%,-0.44
2025-03-07 15:00:00,300213,佳讯飞鸿,9.71,72300,70.2,买盘,-4.52%,-0.44
2025-03-07 15:00:00,300213,佳讯飞鸿,9.71,69200,67.19,买盘,-4.52%,-0.44
2025-03-07 15:00:00,300213,佳讯飞鸿,9.71,80000,77.68,买盘,-4.52%,-0.44
2025-03-07 15:00:00,300221,银禧科技,8.37,95000,79.52,买盘,-1.65%,-0.14
2025-03-07 15:00:00,301266,宇邦新材,36.7,16300,59.82,买盘,-0.43%,-0.16
2025-03-07 15:00:00,301230,泓博医药,35.94,14200,51.03,卖盘,-3.28%,-1.18
2025-03-07 15:00:00,300219,鸿利智汇,7.18,84900,60.96,卖盘,-2.05%,-0.15
2025-03-07 15:00:00,300211,亿通科技,13.02,46200,60.15,买盘,-10.21%,-1.33
2025-03-07 15:00:00,300211,亿通科技,13.02,49800,64.84,卖盘,-10.21%,-1.33
2025-03-07 15:00:00,300211,亿通科技,13.02,43100,56.12,卖盘,-10.21%,-1.33
2025-03-07 15:00:00,300134,大富科技,15.01,37900,56.89,买盘,-0.33%,-0.05
2025-03-07 15:00:00,300134,大富科技,15.01,58400,87.66,卖盘,-0.33%,-0.05
2025-03-07 15:00:00,300130,新国都,23.07,23600,54.45,买盘,-1.03%,-0.24
2025-03-07 15:00:00,300123,亚光科技,6.54,196300,128.38,买盘,2.83%,0.19
2025-03-07 15:00:00,300123,亚光科技,6.54,300000,196.2,买盘,2.83%,0.19
2025-03-07 15:00:00,300211,亿通科技,13.02,57100,74.34,卖盘,-10.21%,-1.33
2025-03-07 15:00:00,300211,亿通科技,13.02,50000,65.1,买盘,-10.21%,-1.33
2025-03-07 15:00:00,300211,亿通科技,13.02,47500,61.84,卖盘,-10.21%,-1.33
2025-03-07 15:00:00,300211,亿通科技,13.02,73500,95.7,买盘,-10.21%,-1.33
2025-03-07 15:00:00,300211,亿通科技,13.02,40100,52.21,买盘,-10.21%,-1.33
2025-03-07 15:00:00,300120,经纬辉开,9.9,88200,87.32,买盘,2.59%,0.26
2025-03-07 15:00:00,300102,乾照光电,11.17,269000,300.47,买盘,-1.76%,-0.2
2025-03-07 15:00:00,300099,尤洛卡,7.78,66000,51.35,买盘,-1.64%,-0.13
2025-03-07 15:00:00,300099,尤洛卡,7.78,87000,67.69,卖盘,-1.64%,-0.13
2025-03-07 15:00:00,300099,尤洛卡,7.78,97500,75.86,买盘,-1.64%,-0.13
2025-03-07 15:00:00,301210,金杨股份,81.61,10100,82.43,卖盘,8.02%,6.55
2025-03-07 15:00:00,300210,森远股份,10.31,94900,97.84,买盘,-1.53%,-0.16
2025-03-07 15:00:00,300094,国联水产,3.61,150000,54.15,卖盘,-2.43%,-0.09
2025-03-07 15:00:00,300085,银之杰,37.78,14300,54.03,卖盘,-4.23%,-1.6
2025-03-07 15:00:00,300085,银之杰,37.78,20500,77.45,卖盘,-4.23%,-1.6
2025-03-07 15:00:00,300085,银之杰,37.78,18900,71.4,卖盘,-4.23%,-1.6
2025-03-07 15:00:00,300085,银之杰,37.78,15900,60.07,卖盘,-4.23%,-1.6
2025-03-07 15:00:00,300085,银之杰,37.78,32600,123.16,卖盘,-4.23%,-1.6
2025-03-07 15:00:00,300085,银之杰,37.78,23700,89.54,卖盘,-4.23%,-1.6
2025-03-07 15:00:00,300085,银之杰,37.78,37700,142.43,卖盘,-4.23%,-1.6
2025-03-07 15:00:00,300083,创世纪,9.98,277400,276.85,卖盘,-1.87%,-0.19
2025-03-07 15:00:00,300201,海伦哲,5.76,103900,59.85,卖盘,-1.87%,-0.11
2025-03-07 15:00:00,300201,海伦哲,5.76,143900,82.89,买盘,-1.87%,-0.11
2025-03-07 15:00:00,300192,科德教育,19.21,28800,55.32,买盘,-1.64%,-0.31
2025-03-07 15:00:00,300192,科德教育,19.21,26100,50.14,买盘,-1.64%,-0.31
2025-03-07 15:00:00,300192,科德教育,19.21,37800,72.61,买盘,-1.64%,-0.31
2025-03-07 15:00:00,300083,创世纪,9.98,116900,116.67,买盘,-1.87%,-0.19
2025-03-07 15:00:00,300083,创世纪,9.98,74933,74.78,买盘,-1.87%,-0.19
2025-03-07 15:00:00,300083,创世纪,9.98,130600,130.34,卖盘,-1.87%,-0.19
2025-03-07 15:00:00,300083,创世纪,9.98,62600,62.47,卖盘,-1.87%,-0.19
2025-03-07 15:00:00,300083,创世纪,9.98,60000,59.88,卖盘,-1.87%,-0.19
2025-03-07 15:00:00,300083,创世纪,9.98,51000,50.9,卖盘,-1.87%,-0.19
2025-03-07 15:00:00,300083,创世纪,9.98,54400,54.29,买盘,-1.87%,-0.19
2025-03-07 15:00:00,300083,创世纪,9.98,252400,251.9,买盘,-1.87%,-0.19
2025-03-07 15:00:00,301112,信邦智能,28.74,133700,384.25,买盘,-1.61%,-0.46
2025-03-07 15:00:00,300168,万达信息,9.02,61300,55.29,买盘,-2.27%,-0.21
2025-03-07 15:00:00,300077,国民技术,27.05,45100,122.0,买盘,-2.66%,-0.72
2025-03-07 15:00:00,300077,国民技术,27.05,26700,72.22,买盘,-2.66%,-0.72
2025-03-07 15:00:00,300077,国民技术,27.05,62500,169.06,买盘,-2.66%,-0.72
2025-03-07 15:00:00,300077,国民技术,27.05,53800,145.53,买盘,-2.66%,-0.72
2025-03-07 15:00:00,300077,国民技术,27.05,43900,118.75,买盘,-2.66%,-0.72
2025-03-07 15:00:00,300077,国民技术,27.05,32400,87.64,买盘,-2.66%,-0.72
2025-03-07 15:00:00,300077,国民技术,27.05,40000,108.2,买盘,-2.66%,-0.72
2025-03-07 15:00:00,300077,国民技术,27.05,80000,216.4,卖盘,-2.66%,-0.72
2025-03-07 15:00:00,300077,国民技术,27.05,20300,54.91,买盘,-2.66%,-0.72
2025-03-07 15:00:00,301101,明月镜片,59.25,8700,51.55,卖盘,1.32%,0.78
2025-03-07 15:00:00,301085,亚康股份,84.56,13700,115.85,买盘,4.01%,3.39
2025-03-07 15:00:00,301085,亚康股份,84.56,31300,264.67,买盘,4.01%,3.39
2025-03-07 15:00:00,300075,数字政通,20.82,99100,206.33,买盘,-3.83%,-0.8
2025-03-07 15:00:00,300075,数字政通,20.82,27400,57.05,买盘,-3.83%,-0.8
2025-03-07 15:00:00,300075,数字政通,20.82,55000,114.51,买盘,-3.83%,-0.8
2025-03-07 15:00:00,300075,数字政通,20.82,128800,268.16,买盘,-3.83%,-0.8
2025-03-07 15:00:00,300075,数字政通,20.82,109600,228.19,买盘,-3.83%,-0.8
2025-03-07 15:00:00,300075,数字政通,20.82,59900,124.71,买盘,-3.83%,-0.8
2025-03-07 15:00:00,300075,数字政通,20.82,31100,64.75,买盘,-3.83%,-0.8
2025-03-07 15:00:00,300059,东方财富,23.41,100000,234.1,卖盘,-2.17%,-0.51
2025-03-07 15:00:00,300059,东方财富,23.41,23700,55.48,卖盘,-2.17%,-0.51
2025-03-07 15:00:00,300059,东方财富,23.41,21800,51.03,卖盘,-2.17%,-0.51
2025-03-07 15:00:00,300059,东方财富,23.41,21500,50.33,卖盘,-2.17%,-0.51
2025-03-07 15:00:00,300059,东方财富,23.41,50000,117.05,卖盘,-2.17%,-0.51
2025-03-07 15:00:00,300148,天舟文化,5.55,93770,52.04,买盘,11.00%,0.61
2025-03-07 15:00:00,300148,天舟文化,5.55,299000,165.94,买盘,11.00%,0.61
2025-03-07 15:00:00,301078,孩子王,15.96,77300,123.37,买盘,6.40%,1.02
2025-03-07 15:00:00,300059,东方财富,23.41,80000,187.28,卖盘,-2.17%,-0.51
2025-03-07 15:00:00,300059,东方财富,23.41,30000,70.23,卖盘,-2.17%,-0.51
2025-03-07 15:00:00,300059,东方财富,23.41,22700,53.14,买盘,-2.17%,-0.51
2025-03-07 15:00:00,300059,东方财富,23.41,300000,702.3,买盘,-2.17%,-0.51
2025-03-07 15:00:00,300059,东方财富,23.41,37200,87.09,买盘,-2.17%,-0.51
2025-03-07 15:00:00,300059,东方财富,23.41,44400,103.94,买盘,-2.17%,-0.51
2025-03-07 15:00:00,300059,东方财富,23.41,100000,234.1,卖盘,-2.17%,-0.51
2025-03-07 15:00:00,300059,东方财富,23.41,35000,81.94,卖盘,-2.17%,-0.51
2025-03-07 15:00:00,300059,东方财富,23.41,28500,66.72,卖盘,-2.17%,-0.51
2025-03-07 15:00:00,300059,东方财富,23.41,50800,118.92,卖盘,-2.17%,-0.51
2025-03-07 15:00:00,300059,东方财富,23.41,27000,63.21,卖盘,-2.17%,-0.51
2025-03-07 15:00:00,300059,东方财富,23.41,40000,93.64,卖盘,-2.17%,-0.51
2025-03-07 15:00:00,300059,东方财富,23.41,60000,140.46,卖盘,-2.17%,-0.51
2025-03-07 15:00:00,301078,孩子王,15.96,62700,100.07,买盘,6.40%,1.02
2025-03-07 15:00:00,301078,孩子王,15.96,38800,61.92,买盘,6.40%,1.02
2025-03-07 15:00:00,301078,孩子王,15.96,47000,75.01,买盘,6.40%,1.02
2025-03-07 15:00:00,301078,孩子王,15.96,72200,115.23,卖盘,6.40%,1.02
2025-03-07 15:00:00,300145,中金环境,4.29,123700,53.07,买盘,-5.09%,-0.22
2025-03-07 15:00:00,300145,中金环境,4.29,300000,128.7,买盘,-5.09%,-0.22
2025-03-07 15:00:00,300145,中金环境,4.29,300000,128.7,买盘,-5.09%,-0.22
2025-03-07 15:00:00,300145,中金环境,4.29,300000,128.7,买盘,-5.09%,-0.22
2025-03-07 15:00:00,300059,东方财富,23.41,95587,223.77,卖盘,-2.17%,-0.51
2025-03-07 15:00:00,300059,东方财富,23.41,41500,97.15,买盘,-2.17%,-0.51
2025-03-07 15:00:00,300059,东方财富,23.41,53100,124.31,买盘,-2.17%,-0.51
2025-03-07 15:00:00,300059,东方财富,23.41,24100,56.42,买盘,-2.17%,-0.51
2025-03-07 15:00:00,300059,东方财富,23.41,29600,69.29,卖盘,-2.17%,-0.51
2025-03-07 15:00:00,300059,东方财富,23.41,87600,205.07,买盘,-2.17%,-0.51
2025-03-07 15:00:00,300059,东方财富,23.41,115100,269.45,买盘,-2.17%,-0.51
2025-03-07 15:00:00,300059,东方财富,23.41,115100,269.45,买盘,-2.17%,-0.51
2025-03-07 15:00:00,300059,东方财富,23.41,86300,202.03,买盘,-2.17%,-0.51
2025-03-07 15:00:00,300059,东方财富,23.41,300000,702.3,买盘,-2.17%,-0.51
2025-03-07 15:00:00,300059,东方财富,23.41,29535,69.14,买盘,-2.17%,-0.51
2025-03-07 15:00:00,300059,东方财富,23.41,44900,105.11,买盘,-2.17%,-0.51
2025-03-07 15:00:00,300136,信维通信,26.09,21400,55.83,买盘,-0.08%,-0.02
2025-03-07 15:00:00,301049,超越科技,24.8,25900,64.23,买盘,0.20%,0.05
2025-03-07 15:00:00,301032,新柴股份,11.5,65300,75.1,卖盘,-10.99%,-1.26
2025-03-07 15:00:00,300056,中创环保,16.33,106200,173.42,买盘,0.49%,0.08
2025-03-07 15:00:00,300053,航宇微,14.78,245000,362.11,买盘,-3.40%,-0.5
2025-03-07 15:00:00,300053,航宇微,14.78,92800,137.16,买盘,-3.40%,-0.5
2025-03-07 15:00:00,300053,航宇微,14.78,80400,118.83,卖盘,-3.40%,-0.5
2025-03-07 15:00:00,300053,航宇微,14.78,49200,72.72,买盘,-3.40%,-0.5
2025-03-07 15:00:00,300053,航宇微,14.78,156400,231.16,买盘,-3.40%,-0.5
2025-03-07 15:00:00,300045,华力创通,21.5,67600,145.34,买盘,-2.80%,-0.6
2025-03-07 15:00:00,301032,新柴股份,11.5,44200,50.83,卖盘,-10.99%,-1.26
2025-03-07 15:00:00,301032,新柴股份,11.5,111400,128.11,卖盘,-10.99%,-1.26
2025-03-07 15:00:00,300131,英唐智控,8.55,83800,71.65,卖盘,-5.11%,-0.44
2025-03-07 15:00:00,300131,英唐智控,8.55,300000,256.5,卖盘,-5.11%,-0.44
2025-03-07 15:00:00,301023,江南奕帆,75.95,8100,61.52,买盘,7.50%,5.7
2025-03-07 15:00:00,300128,锦富技术,6.39,200000,127.8,买盘,6.86%,0.44
2025-03-07 15:00:00,300128,锦富技术,6.39,300000,191.7,买盘,6.86%,0.44
2025-03-07 15:00:00,300128,锦富技术,6.39,200000,127.8,卖盘,6.86%,0.44
2025-03-07 15:00:00,300128,锦富技术,6.39,83300,53.23,买盘,6.86%,0.44
